3414 5042
801 641 843 702 45

332 845 427 909 Nune
460 848 568 907 autern
590 840 689 904 ridica
711 840 826 906 delusit
849 843 959 906 vitem.
984 841 1087 916 Quem
1112 861 1239 906 versum
1262 841 1357 906 Sohol

288 974 334 1037 ita
370 974 616 1056 interpretatur:
651 967 806 1047 nepotulo
838 965 913 1033 ὅταν
947 968 1004 1034 ὑπὸ
1037 977 1090 1034 τοῦ
1124 967 1289 1049 σωζομένου
1320 969 1378 1040 τὸ,

288 1099 377 1180 σῶζον
411 1101 576 1178 damuati,
612 1095 628 1170 ἢ
666 1102 740 1162 ὅταν
777 1095 964 1178 ἐξαπατηθῇ
999 1120 1046 1171 τις
1070 1095 1252 1172 πιστεύσας.
1274 1095 1357 1161 ἔστιν

287 1223 335 1293 οὖν
370 1225 520 1307 παροιμία
548 1225 611 1290 aaa
632 1228 694 1289 τῶν
716 1215 865 1302 καλάμων
891 1228 952 1289 τῶν
976 1224 1264 1305 προσδεσμσυμὲνων
1285 1231 1357 1300 ταῖς

287 1353 451 1437 ἀμπέλοις,
470 1344 503 1417 αἳ
515 1352 607 1418 ἐνίοτε
618 1351 872 1433 ῥνζσβσλήσαντες
885 1351 1106 1434 impediturus
1119 1357 1181 1417 τῶν
1195 1353 1355 1432 ἀμπέλων.

288 1482 403 1567 Itaque
432 1481 484 1545 hie
513 1481 579 1546 fere
600 1480 696 1565 hujus
720 1501 831 1545 versus
856 1503 967 1547 sensus
991 1488 1059 1546 est:
1085 1482 1161 1548 Oleo
1183 1483 1357 1548 arbitratus

288 1615 354 1692 est,
391 1629 454 1694 quo
488 1615 579 1673 tutus
614 1630 715 1673 essem
738 1609 779 1672 ab
801 1610 870 1693 ejus
892 1611 1038 1694 injuriis,
1063 1632 1114 1676 me
1135 1633 1199 1676 non
1220 1611 1357 1698 amplius

288 1759 322 1802 se
354 1758 423 1802 esse
465 1737 724 1822 exagitaturum3
759 1757 845 1800 nune
877 1759 953 1803 vero
988 1739 1092 1824 speeie
1122 1740 1203 1804 falsa
1231 1739 1357 1822 abjecta

287 1864 328 1929 ad
352 1870 492 1930 vetarem
526 1863 785 1930 consuetudinem
807 1866 946 1950 reverti,
973 1866 1217 1953 hominemque,
1240 1867 1274 1929 in
1296 1865 1357 1931 hae

287 1993 357 2078 ipsa
375 1991 485 2056 fabula
507 2012 581 2056 eum
603 1991 783 2075 irridendo,
806 1999 933 2078 praeter
956 1995 1227 2080 exspectationem
1237 1993 1356 2079 decepi.

335 2117 485 2203 Nugatur
505 2125 553 2182 est
574 2117 753 2184 Scholiasta
764 2140 863 2204 quum
875 2141 933 2185 suo
946 2119 1051 2187 Marte
1062 2122 1120 2186 hos
1134 2142 1244 2187 versus
1256 2121 1358 2207 expli·

289 2265 360 2310 aare
391 2251 524 2310 conatus
548 2241 725 2310 addiderit:
750 2247 811 2308 νυνὶ
836 2243 866 2308 δὲ
891 2246 1038 2319 andraea
1061 2246 1133 2326 ὑπὲρ
1159 2252 1212 2312 τοῦ
1234 2253 1358 2328 ποιῆσαν

289 2369 446 2448 λέγεσθαι
476 2369 536 2446 τὰς
566 2370 725 2452 κωμῳδίας
754 2373 806 2435 ἐπὶ
830 2381 874 2459 τῷ
897 2377 1018 2454 θεάτρῳ
1040 2374 1227 2451 εἰσάγεσθαι
1251 2369 1297 2438 ὅτι
1319 2372 1355 2455 δὴ

289 2495 378 2573 ξένων
402 2497 559 2579 παρόντων
582 2498 714 2573 πολίτας
739 2498 906 2566 ἔσκωπτον.
928 2502 1016 2567 Ante
1032 2503 1150 2567 multos
1162 2524 1262 2569 annos
1275 2525 1304 2568 v.
1316 2503 1355 2567 ol.

291 2625 390 2692 Cobet
426 2612 559 2692 Obserr.
594 2628 628 2692 in
664 2627 714 2692 Pl.
750 2627 839 2693 Com.
868 2627 940 2694 Rel.
964 2629 1005 2694 ad
1026 2628 1183 2714 liquidum
1205 2629 1357 2715 perduxit

289 2774 463 2839 numquam
486 2753 635 2819 Cleonem
658 2754 762 2839 legem
783 2755 894 2821 tulisse
912 2776 976 2841 qua
996 2754 1184 2821 Comoediae
1195 2757 1357 2822 licentiam

289 2887 456 2947 eoeroeret.

332 3007 493 3094 Expositis
527 3008 625 3092 igitur
657 3028 754 3092 quam
787 3008 1029 3096 diligentissime
1064 3011 1174 3097 potui,
1210 3031 1293 3096 qnae
1316 3011 1357 3075 ad

289 3141 431 3200 nostrum
466 3140 691 3220 argumentum
723 3135 827 3200 faeere
860 3137 1073 3222 videbantur,
1097 3138 1207 3225 paneis
1231 3138 1357 3224 singula

288 3259 562 3349 eomprehendam.

332 3390 557 3478 Aristophanis
600 3395 690 3473 erat,
728 3391 877 3457 acerrimi
918 3392 1142 3458 Democratiae
1183 3392 1357 3458 adversarii

288 3519 555 3604 antiquorumque
586 3518 806 3584 institutorum
840 3521 1013 3604 amatoris,
1048 3519 1251 3585 comoediam
1274 3541 1357 3585 eorn-

287 3666 426 3732 ponsre,
468 3667 550 3732 quae
591 3645 835 3711 immoderatum
873 3648 1078 3734 popularium
1121 3668 1262 3712 amorem
1294 3647 1357 3712 liti·

288 3772 384 3858 gandi
413 3777 446 3836 et
478 3772 628 3837 stolidum
662 3773 903 3854 Φνλνλναστννὸν
937 3774 1082 3838 studium
1117 3774 1355 3859 perstringeret.

288 3895 403 3983 Neque
438 3897 479 3962 ad
514 3899 612 3968 talem
641 3898 783 3963 fabulam
814 3897 989 3966 docendam
1012 3905 1127 3987 posita,
1152 3901 1207 3986 qni
1232 3920 1357 3987 semper

288 4025 429 4110 respexit
462 4024 503 4088 ad
536 4045 575 4090 ea
597 4046 679 4111 quae
700 4026 883 4113 nuperrime
907 4028 1093 4093 incivitate
1116 4033 1207 4113 gesta
1229 4033 1356 4110 essent,

288 4151 450 4216 meliorem
483 4153 754 4239 opportunitatem
788 4159 913 4239 poterat
936 4156 1054 4242 eligere
1076 4175 1174 4242 qnam
1195 4153 1254 4218 ΑΟ.
1274 4156 1356 4238 422,

289 4299 351 4364 quo
385 4279 550 4346 fervebant
575 4280 697 4367 judicia
732 4283 767 4348 in
801 4283 971 4370 optimates
995 4289 1028 4349 et
1053 4281 1256 4370 optimatium
1278 4282 1356 4346 anri·
