3414 5042
918 637 956 696 18

400 839 551 926 cipiendis
574 840 741 925 cupiditati
769 847 800 904 et
825 841 936 904 insano
959 839 1063 903 studio
1086 838 1469 919 dianatarrraqilavebat.

400 967 453 1031 Ex
487 989 550 1052 quo
585 968 751 1054 Ephialtes
785 969 979 1033 omniafere
999 969 1075 1052 jura
1098 967 1268 1054 Areopago
1289 969 1469 1052 eripuerat,

399 1096 554 1181 imprimis
595 1098 736 1162 omnium
772 1099 1019 1182 magistratuum
1065 1097 1238 1182 populique
1272 1096 1470 1160 decretorum

400 1223 594 1305 custodiam,
620 1225 676 1288 illa
698 1226 804 1288 omnia
827 1223 867 1288 ad
889 1225 1058 1289 dicasteria
1083 1224 1248 1288 heliastica
1266 1231 1471 1288 eranttrans·

399 1353 520 1434 lata.*)
555 1351 604 1415 Ea
636 1353 734 1436 igitur
759 1352 797 1416 de
819 1354 931 1436 quovis
958 1352 1123 1436 plebiscito
1149 1350 1366 1438 dijudicabant
1388 1352 1472 1437 quod

399 1477 561 1560 arbascla
586 1480 765 1564 improbare
788 1482 902 1564 aliquis
926 1486 1058 1544 conatus
1078 1489 1177 1563 esset;
1197 1479 1282 1566 apud
1296 1499 1472 1565 eaquoque

399 1607 540 1670 omniurn
564 1608 811 1692 magistratuum
833 1614 901 1671 erat
924 1607 1090 1684 toutaxa'a
1113 1615 1144 1673 et
1157 1606 1294 1674 sctum.
1308 1608 1473 1672 Heliastae

399 1756 492 1821 porro
524 1736 562 1799 de
586 1735 782 1819 quibuslibet
805 1736 900 1800 rebus
923 1738 1008 1822 leges
1033 1737 1155 1801 sancire
1177 1737 1229 1800 rel
1252 1738 1363 1800 tollere
1385 1742 1472 1821 pote·

398 1870 489 1945 rant,
525 1864 552 1926 si
581 1864 710 1947 quidem
741 1866 795 1949 qui
818 1866 851 1927 in
875 1866 1133 1930 nomothctarum
1156 1865 1297 1949 collegiis
1320 1863 1472 1927 sedebant

398 2011 440 2054 ex
475 2011 584 2054 eorum
619 2013 751 2056 numero
785 1991 1042 2056 desumebantur.
1078 1993 1126 2057 Eo
1162 1992 1283 2056 accedit
1315 1991 1401 2075 quod
1431 1990 1472 2054 ab

399 2119 607 2182 heliastarum
636 2119 756 2202 judicio
789 2140 962 2204 provocare
994 2142 1058 2184 non
1082 2121 1216 2203 licebat,
1248 2121 1303 2205 qui
1326 2127 1473 2204 praetera

399 2246 576 2310 rationibus
599 2246 765 2311 reddendis
789 2269 852 2311 non
876 2254 967 2312 crant
991 2249 1130 2312 obnoxii.

444 2375 577 2440 Constat
595 2376 719 2460 judiees
743 2375 958 2442 Athenienses
981 2377 1021 2440 ad
1044 2378 1126 2441 hanc
1150 2382 1274 2441 tantam
1297 2377 1473 2462 potentiam

400 2503 610 2568 exercendam
654 2526 718 2567 non
754 2506 851 2568 fuisse
884 2504 1024 2568 idoneos.
1059 2504 1210 2568 dudioum
1252 2505 1337 2568 eninr
1371 2505 1473 2568 officio

399 2632 491 2716 fungi
526 2631 677 2696 amabant
712 2653 802 2697 senes
831 2639 863 2697 et
898 2654 1070 2718 pauperes,
1107 2634 1162 2719 qui
1196 2632 1330 2697 triobolo
1352 2633 1473 2696 victum

399 2759 620 2842 quotidianum
644 2760 704 2822 sibi
729 2761 856 2845 suisque
879 2761 1057 2845 parabant:

531 2887 594 2950 cirri
618 2885 680 2966 γὰρ
704 2887 790 2951 τοῦδέ
813 2910 854 2964 με
876 2896 929 2952 τοῦ
953 2886 1118 2966 μισθαρίου

531 3014 630 3093 τρίτον
653 3016 746 3079 αὐτὸν
770 3013 854 3095 ἔχειν
876 3013 1003 3098 ἄλφιτα
1026 3015 1073 3078 δεῖ
1097 3019 1151 3077 καὶ
1177 3013 1262 3090 ξύλα
1284 3013 1396 3094 κῶψον.

401 3163 501 3227 quum
531 3145 674 3228 juniores
704 3145 845 3230 itemque
876 3145 1025 3228 ditiores,
1048 3144 1210 3207 molestias
1233 3150 1265 3206 et
1288 3145 1471 3227 languorem

397 3271 590 3355 judiciorum
615 3272 772 3356 lugerent.

447 3398 517 3472 Quo
540 3401 660 3464 lactum
683 3407 748 3482 est,
769 3407 805 3464 ut
828 3423 927 3484 quum
934 3401 1056 3484 judicia
1067 3407 1135 3464 tum
1147 3421 1264 3484 magna
1274 3400 1474 3484 negotiorum

433 3670 460 3737 Ψ)
479 3673 509 3721 cl.
526 3671 594 3722 Plut.
619 3673 673 3724 Per.
690 3688 714 3740 q.
733 3672 818 3722 Cimon
838 3675 868 3723 15
895 3673 1047 3731 ’eqdlrco
1074 3674 1239 3737 rrporcro'rroq
1266 3671 1407 3728 acclinata
1429 3677 1475 3734 τῆς

348 3807 350 3812 v
402 3781 428 3836 ἐξ
447 3781 560 3846 ’Agrico
578 3781 666 3844 πάγου
685 3780 787 3845 βουλῆς
805 3783 851 3836 τὰς
868 3783 965 3845 apione
983 3780 1055 3844 πλὴν
1078 3780 1176 3842 ὀλίγων
1193 3778 1308 3835 ἁπάσας.

434 3887 574 3953 Aeschylus
589 3889 735 3936 acerrimum
750 3887 874 3951 Areopagi
891 3889 1096 3951 propugnatorem
1114 3900 1140 3935 se
1154 3883 1254 3949 praebet
1268 3886 1294 3934 iu
1309 3882 1475 3934 Eumenidum

401 3992 545 4058 tragoedia3
563 3993 592 4042 cl.
610 4007 646 4042 vs.
664 3995 713 4042 683
730 4008 783 4056 sqq.

600 4098 676 4150 iona
696 4097 727 4148 δι’
749 4099 794 4147 καὶ
819 4103 847 4147 τὸ
871 4099 964 4148 λοιπὸν
984 4100 1091 4166 Aiyriqr
1110 4103 1217 4166 στρατῷ

597 4207 641 4256 cat
663 4206 795 4256 δίκασιῶν
814 4210 897 4256 τοῦτο
916 4206 1116 4272 βουλευτήριον

598 4316 684 4378 πάγον
704 4315 729 4362 d'
754 4316 874 4378 ’'Apaoa
893 4313 990 4379 (docear
1010 4313 1105 4378 Herm.)
1125 4313 1200 4362 τῶδ’
1297 4331 1319 4360 κ.
1337 4331 1360 4361 τ.
1382 4311 1404 4364 d.
