3414 5042
780 655 826 735 οι,

396 859 455 923 είνί
477 881 557 932 τινες
581 855 611 924 οί
624 855 662 934 μ’
685 855 793 935 ἔλεγον
817 856 855 928 ὡς
880 855 1151 934 καταδιηλλοίγην,

396 986 482 1060 ἡνίκα
505 985 609 1050 Κλέων
631 988 667 1062 μ’
694 983 908 1064 ὑπετοίραττεν
932 984 1122 1063 ἐπικείμενος
1221 1031 1223 1036 ,

394 1113 449 1178 καί
470 1137 511 1192 με
536 1113 661 1188 κακίαις
682 1113 790 1193 ἔκνισε,
815 1109 891 1195 κᾷθ’
914 1107 958 1176 ὅτ’
984 1113 1184 1193 ἀπεδειρόμην
1291 1103 1297 1122 ’

395 1242 481 1316 ἐκτὸς
505 1241 620 1320 ἐγέλων
646 1241 737 1319 μέγα
762 1248 940 1320 κεκραγότα
962 1238 1110 1320 θεώμενοι

394 1369 475 1434 οὐδὲν
499 1367 546 1449 ἄρ’
571 1373 644 1448 ἐμοῦ
668 1369 772 1448 μέλον,
795 1375 862 1434 ὅσον
885 1369 915 1434 δὲ
939 1368 1028 1448 μίνον
1051 1368 1160 1435 εἰδέναι

395 1497 596 1574 σκωμμάτιον
620 1496 723 1562 είτοτέ
746 1521 776 1561 τι
800 1498 988 1576 θλιβόμενος
1007 1498 1147 1575 ἐκβαλῶ.

391 1629 496 1688 ταῦτα
524 1625 653 1690 κατιδὼν
677 1621 739 1690 ὑτί
760 1649 789 1691 τι
817 1628 923 1707 μικρὸν
946 1625 1115 1700 ε’νιιθιίκιοα

393 1749 463 1818 εἶτα
487 1757 538 1817 νῦν
563 1753 757 1830 ἐξηπάτησεν
784 1755 800 1828 η
823 1754 933 1835 χάραξ
953 1755 1008 1830 την
1032 1755 1187 1832 ἄμπελον.

306 1961 475 2029 Manifesta
507 1965 541 2028 hi
570 1987 681 2030 versus
704 1971 849 2051 spectant
873 1966 914 2031 ad
935 1967 1097 2031 molestias
1121 1963 1330 2051 Aristophani

261 2111 281 2152 a
305 2089 422 2155 Olcone
444 2092 614 2156 exhibitas.
638 2092 688 2157 De
712 2094 827 2178 quibus
849 2095 1057 2181 inquiramus.

305 2215 382 2281 Post
405 2217 599 2304 Babylonios
621 2225 726 2285 actam
748 2220 824 2286 Cleo
835 2221 969 2305 injurias
979 2221 1040 2285 sibi
1053 2271 1060 2304 ‚
1074 2226 1109 2284 ut
1122 2220 1330 2307 opinabatur,

260 2344 366 2409 illatas
399 2367 522 2410 summo
553 2347 662 2411 ulcisci
692 2346 814 2412 studuit
843 2349 988 2430 fervore3
1022 2352 1150 2433 potitam
1175 2347 1274 2433 igitur
1298 2347 1331 2410 in

255 2473 311 2556 jus
336 2473 470 2536 vocavit.
498 2472 597 2558 Cujus
621 2495 735 2539 causae
757 2476 783 2538 si
801 2497 865 2540 non
879 2480 1078 2558 accuratam,
1091 2481 1210 2560 certam
1223 2480 1330 2540 tamen

259 2601 405 2690 notitiam
428 2599 469 2664 ab
492 2601 708 2686 Aristophane
730 2603 798 2688 ipsc
821 2603 1010 2687 accepimus.
1034 2601 1176 2666 Acharn.
1201 2622 1247 2666 vs.
1267 2604 1328 2666 377

260 2746 329 2810 sqq.
352 2728 519 2814 profitetur
541 2749 575 2793 se
597 2734 726 2816 propter
748 2729 941 2794 comoediam
963 2730 1136 2815 praeterito
1159 2750 1243 2794 anno
1266 2729 1330 2794 edi·

259 2858 326 2917 tam
355 2876 376 2918 a
398 2853 516 2919 Oleone
534 2855 621 2920 falsis
645 2855 829 2920 criminibus
852 2858 1105 2921 circumventum
1127 2857 1161 2920 in
1183 2862 1329 2921 senatum

259 3001 328 3045 csse
351 2987 548 3067 protractum
571 2988 603 3048 ct
628 2983 796 3048 minimum
818 2984 957 3049 abfuisse
978 2983 1056 3068 quin
1079 2984 1205 3068 periret.

389 3189 481 3263 αὑτός
503 3191 534 3253 τ’
559 3191 692 3267 ἐμαυτὸν
715 3191 773 3257 ὑπὸ
797 3189 933 3264 Κλέωνος
949 3185 1095 3256 ’ίίιιαθοκ

392 3316 566 3394 ἐπίσταμαι
589 3316 639 3381 διὰ
660 3319 715 3392 την
739 3318 846 3399 τίρνοι
869 3317 1028 3398 κωμῳδίαν

388 3445 573 3521 εἰσελκύσας
593 3443 656 3526 peip
679 3449 714 3524 μ’
742 3450 772 3523 ἐς
795 3447 829 3512 το
853 3445 1067 3527 βουλευτήριον

386 3572 537 3651 διέβαλλε
561 3577 616 3638 καί
638 3575 737 3654 ψευδῆ
761 3571 996 3655 κατεγλώττιζέ
1020 3595 1079 3651 μου

388 3701 605 3784 κάκυκλοβόρει
626 3699 793 3782 κιίτλννεν,
817 3700 890 3767 ὥστ’
914 3702 1021 3781 caryon
1045 3705 1126 3767 τοίνν

380 3830 550 3909 οίτιολίμην
573 3829 969 3910 μολυνοπραγμονούμενος.

300 4037 354 4103 Ex
383 4061 430 4105 vs.
467 4043 530 4106 503
563 4062 632 4128 sqq.
666 4048 799 4129 apparet
832 4060 989 4107 summam
1023 4043 1069 4108 rei
1103 4042 1135 4106 in
1170 4063 1208 4107 co
1229 4041 1327 4106 tuisse

255 4165 392 4249 positam
421 4169 506 4254 quod
535 4170 710 4256 peregrinis
732 4169 914 4236 hominibus
937 4171 1159 4257 praesentibus
1181 4175 1214 4236 et
1237 4191 1326 4257 spec·

255 4293 398 4358 tentibus
428 4296 539 4360 urbam
571 4296 771 4382 proscindere
800 4320 896 4362 ausus
925 4305 1028 4382 esset,
1052 4299 1189 4384 danique.
1213 4300 1245 4363 in
1269 4321 1323 4386 pa-
