3414 5042
936 651 976 710 36

420 858 490 916 tum
524 872 620 916 causa
641 851 754 916 canina
777 871 859 936 quae
882 871 959 914 mox
981 852 1124 936 sequitur
1148 873 1276 916 suorum
1299 851 1487 926 iudiciorum

420 978 500 1044 vitia
521 979 747 1065 perspicerent.
772 977 888 1064 Itaque
910 978 989 1044 haec
1012 979 1118 1044 omnia
1140 979 1372 1066 Aristophanes
1390 980 1488 1043 missa

420 1105 515 1189 fecit,
548 1111 584 1170 ut
617 1105 731 1170 callida
759 1106 1036 1191 argumentatione
1059 1129 1155 1190 usus,
1180 1107 1431 1192 indignationem
1454 1112 1487 1171 et

418 1233 499 1297 iram
533 1233 651 1298 civium
684 1239 825 1299 moveret
857 1232 1009 1298 adversus
1042 1241 1241 1319 praesentem
1275 1232 1487 1299 conditionem

419 1361 594 1443 Heliacas,
621 1381 717 1446 quam
740 1361 956 1425 firmissimum
980 1359 1084 1424 adhuc
1108 1382 1184 1426 suae
1207 1362 1368 1446 potentiae
1390 1366 1487 1444 atqua

418 1490 575 1555 libertatis
597 1489 790 1576 praesidium
813 1488 994 1571 duxerant,
1017 1488 1176 1574 simulque
1194 1509 1312 1552 novum
1324 1489 1357 1552 in
1370 1487 1487 1552 Dema·

419 1638 517 1703 gogos
559 1619 792 1684 accusationem
828 1617 969 1702 proferro
1002 1623 1109 1702 posset
1143 1617 1299 1702 imprimis
1332 1617 1366 1680 in
1397 1616 1488 1682 ulco-

418 1767 492 1810 ncm
516 1747 567 1810 oui

418 1871 526 1936 ἑκατὸν
548 1872 578 1936 δὲ
603 1870 710 1955 κύκλῳ
733 1867 876 1954 κεφαλαὶ
909 1869 1047 1935 κολάκων
1066 1868 1275 1948 οἰμωξομένων
1300 1872 1486 1949 ἐλιχμῶντο.

459 2000 630 2086 Bdelycleo
653 2002 761 2086 igitur,
784 2003 898 2067 ceteris
920 2001 1065 2082 omissis,
1089 1997 1197 2083 digitis
1219 1999 1304 2084 patri
1324 2002 1487 2084 computat

415 2148 572 2192 summam
605 2127 683 2213 reip.
715 2127 875 2193 redituum
907 2149 949 2192 ox
983 2126 1134 2207 tributis,
1160 2124 1487 2211 vectigalibus,⁷oen·

416 2255 558 2337 tesimis,
588 2255 773 2340 prytaneis,
807 2255 965 2338 metallis,
999 2255 1069 2319 aliis
1092 2254 1217 2318 circiter
1241 2251 1415 2318 duomilia
1439 2258 1487 2316 ta·

416 2383 576 2447 lentorum
600 2383 742 2466 efficere,
764 2405 898 2468 quorum
917 2387 1088 2448 centumct
1101 2381 1335 2467 quinquaginta
1347 2386 1487 2444 tantum·

415 2509 509 2574 modo
532 2509 573 2572 ad
596 2531 736 2574 annuam
758 2510 935 2575 mercedem
953 2508 1099 2594 judicum
1122 2507 1277 2572 exhiberi.
1290 2507 1488 2572 Philocleoni

416 2636 543 2723 stupide
566 2637 708 2721 roganti:

549 2759 601 2825 κοοὶ
628 2769 683 2826 ποῖ
703 2761 850 2840 τρέπεται
873 2762 908 2843 δὴ
932 2766 1037 2828 'aetra
1061 2761 1103 2826 rol
1126 2759 1281 2843 χρήματα
1304 2759 1432 2844 roiam

416 2891 535 2956 ironice
557 2889 745 2976 respondet:

432 3038 434 3042 ·
462 3019 492 3092 ἐς
523 3015 650 3092 τούτους
672 3016 743 3091 τοὺς
766 3017 840 3098 οὐχὶ
864 3016 1002 3097 προδώσω
1026 3018 1080 3083 τὸν
1103 3015 1276 3090 Ἀθηναίων
1296 3015 1488 3097 κολοσυρτόν,

462 3142 551 3208 ἀλλὰ
575 3150 744 3224 μοιχοῦμοιο
769 3149 912 3224 περὶτοῦ
935 3144 1076 3226 πλήθους
1101 3145 1171 3214 ἀεί’.

463 3272 587 3338 Deinde
622 3273 666 3336 sio
689 3274 811 3358 pergit:
836 3273 960 3338 eosdem
983 3274 1053 3338 illos
1073 3274 1132 3338 tibi
1155 3273 1298 3338 dominos
1319 3272 1489 3354 adsciscis,

418 3402 566 3487 speciosis
588 3402 715 3467 illorum
738 3401 831 3466 dictis
852 3401 1123 3488 deceptus3illiri
1135 3402 1175 3466 ab
1189 3401 1320 3465 urbibus
1333 3401 1489 3464 sociorum

419 3534 610 3612 extorquent
632 3527 800 3613 pecuniam
823 3549 1018 3614 muneraque
1039 3528 1304 3611 innumerabilia,
1331 3527 1390 3591 tibi
1413 3548 1488 3591 vcro

417 3649 489 3739 post
511 3659 598 3718 tarra
620 3656 764 3742 marique
787 3657 967 3721 exantlatos
989 3656 1113 3722 labores
1135 3677 1228 3721 nomo
1251 3677 1291 3720 ne
1312 3654 1488 3741 caputqui-

418 3779 490 3844 dem
523 3781 590 3844 allii
624 3781 665 3846 ad
700 3782 889 3847 condiendos
922 3783 1097 3868 piscaculos
1126 3783 1268 3868 praebet.
1300 3781 1419 3846 Omnes
1441 3778 1489 3843 illi
1520 3869 1521 3872 Ἴ

418 3910 626 3995 magistratus
649 3917 786 3996 gerunt,
810 3911 1033 3997 mercedosque
1052 3912 1212 3997 accipiunt
1224 3960 1231 3994 ,
1245 3916 1281 3974 tu
1291 3931 1368 3974 vcro
1378 3909 1406 3972 si
1417 3907 1489 3992 quis

419 4036 478 4101 tibi
508 4041 573 4101 tres
607 4037 714 4103 obolos
736 4040 879 4124 porrigat
902 4045 1069 4102 contentus
1093 4059 1147 4121 es,
1170 4044 1202 4103 ot
1225 4058 1266 4102 ne
1288 4058 1340 4101 cos
1361 4035 1489 4121 quidem

419 4163 553 4249 accipis,
578 4164 699 4251 sipost
723 4166 833 4231 datum
857 4167 983 4252 signum
1006 4165 1147 4248 veneria,
1172 4165 1362 4247 illocatum,
1376 4163 1489 4248 quirci
