3414 5042
894 645 934 704 ot

421 852 488 915 Alii
529 850 726 914 arbitrantur
750 848 1000 934 Aristophanem
1022 848 1081 912 hoc
1104 848 1321 912 additamento
1343 853 1446 911 osten·

377 979 451 1043 dere
472 979 609 1043 voluisse
631 983 787 1062 quantum
800 975 979 1060 Philocieo,
997 998 1103 1040 amore
1110 975 1275 1059 judicandi
1287 974 1446 1060 deposito,

377 1106 418 1169 sit
441 1111 601 1188 mutatus,
625 1127 724 1191 quum
747 1104 802 1190 qui
825 1111 920 1169 antea
941 1105 1028 1188 leges
1051 1103 1273 1185 custodiverit,
1297 1123 1447 1167 nunceas

375 1234 494 1298 violare
518 1255 580 1297 non
604 1241 761 1298 vereatur.
786 1231 854 1296 Alii
877 1233 990 1296 docent
1013 1239 1156 1296 nostram
1182 1231 1386 1295 Comoediam
1405 1250 1447 1294 ex

375 1362 476 1425 altera
499 1367 590 1446 parte
613 1360 761 1424 Nubibus
782 1359 983 1446 respondere.
1012 1359 1220 1444 Castigantnr
1243 1360 1276 1423 in
1297 1357 1446 1422 Nubibus

376 1509 479 1551 mores
505 1489 664 1572 juvenum
694 1487 959 1570 Atheniensium,
983 1493 1138 1573 paterque
1162 1509 1234 1550 oum
1256 1507 1374 1571 magno
1390 1505 1447 1550 suo

376 1615 482 1680 dolore
512 1616 599 1678 videt
628 1621 785 1700 quantum
814 1616 899 1680 filius
930 1616 1121 1702 profecerit3
1147 1616 1179 1678 in
1204 1615 1322 1700 Vespis
1345 1613 1447 1679 senio·

376 1764 447 1806 rum
471 1743 550 1807 vitia
574 1749 668 1828 potita
693 1745 879 1830 perstringit
902 1751 1057 1830 paterque
1068 1727 1107 1808 iis
1119 1744 1196 1829 ipsis
1209 1743 1332 1807 artibus
1345 1743 1445 1807 filium

348 1871 512 1960 ¹ludibrio
540 1871 653 1954 habet,
678 1872 793 1957 quibus
817 1873 857 1937 ab
883 1895 919 1938 eo
942 1881 989 1938 est
1012 1873 1189 1937 institutus.

421 1999 512 2063 Nihil
536 1999 650 2063 horum
675 2000 872 2064 crediderim.

419 2126 553 2191 Temere
576 2133 609 2191 et
630 2128 761 2192 fortuito
784 2127 935 2191 eccidisse
957 2133 1052 2213 puto,
1076 2133 1112 2190 ut
1136 2126 1251 2192 harum
1262 2126 1445 2192 Comoedia·

375 2268 454 2317 rum‘
477 2254 583 2318 exitus
616 2255 649 2317 in
672 2255 830 2318 contraria
853 2254 986 2336 abeant,
1011 2253 1326 2338 Aristophanemque
1348 2256 1445 2319 talem

375 2382 492 2467 Vespis
519 2382 615 2446 finem
644 2382 860 2446 addidissent
881 2382 1025 2467 joculare
1048 2382 1125 2467 quid
1147 2382 1287 2467 agendo,
1312 2384 1347 2446 in
1369 2382 1445 2446 Dio·

375 2509 539 2594 nysiornm
562 2509 685 2572 laetitia
707 2507 955 2572 Atheniensium
976 2510 1135 2574 voluntati
1159 2510 1303 2574 serviret.

419 2636 494 2700 Jem
516 2636 596 2701 haec
619 2637 722 2700 mitto.
748 2635 829 2699 Mihi
854 2638 1051 2722 propositum
1064 2643 1110 2702 est
1123 2638 1288 2703 ostendere
1299 2637 1332 2701 in
1344 2638 1445 2702 altera

375 2763 557 2849 Vesparnm
579 2771 671 2849 parte
693 2765 785 2849 plura
808 2763 928 2847 inesse,
952 2786 1034 2850 quae
1057 2766 1217 2850 legentem
1228 2764 1400 2829 offendant.

419 2888 498 2954 Post
522 2890 619 2956 Obori
642 2893 813 2977 parabasin
836 2894 979 2978 seqnitur
1001 2914 1096 2958 scene
1118 2893 1260 2957 ridicula.
1273 2891 1445 2977 Bdelycleo

375 3023 500 3102 patrem
534 3039 641 3082 secum
674 3020 759 3106 apud
789 3021 927 3084 amicum
957 3026 1165 3086 coenaturum
1195 3026 1305 3105 urget,
1329 3025 1365 3082 ut
1388 3039 1446 3104 pro

375 3151 501 3210 vetusto
523 3146 619 3230 pallio
643 3151 675 3210 et
697 3148 811 3212 calceis
836 3169 896 3212 usu
907 3149 1002 3230 tritis,
1014 3149 1140 3212 laenam
1151 3147 1263 3211 induet
1272 3147 1445 3232 pretiosam

376 3280 407 3337 et
434 3273 554 3338 baxeas
576 3275 759 3340 Laconicas.
784 3275 892 3350 Quum
915 3281 1023 3340 autem
1046 3275 1225 3358 Philoclco,
1250 3281 1285 3338 nt
1308 3274 1445 3338 detesta-

375 3401 438 3464 bile
462 3401 597 3488 deponat
619 3401 775 3481 τριβώνιον
800 3405 888 3468 nulio
911 3403 1005 3468 modo
1027 3405 1148 3469 moveri
1170 3409 1296 3489 potest,
1319 3403 1444 3466 filiusei

374 3549 490 3593 novam
513 3537 634 3594 vestem
656 3531 759 3613 injicit
782 3536 814 3595 et
838 3529 984 3608 ἐμβάδας
1008 3529 1193 3604 Λακωνικὰς
1212 3527 1350 3594 decidere
1372 3550 1445 3594 eum

376 3657 477 3740 cogit,
501 3659 583 3721 senis
609 3660 756 3741 querela„
780 3658 865 3744 quod
887 3681 970 3724 unus
993 3659 1164 3744 digitorum
1186 3659 1227 3723 sit
1251 3661 1444 3736 μισολάκων,

374 3784 456 3847 nihil
489 3791 640 3850 moratus.
664 3785 808 3852 Tandem
830 3787 992 3852 Philoclco
1016 3786 1174 3871 opulentis
1195 3785 1326 3850 indutus
1350 3785 1445 3850 vesti·

375 3913 508 3995 mentis,
545 3912 602 3977 filii
631 3913 724 3998 jussu
759 3936 831 3978 curn
862 3916 951 3979 molli
981 3920 1013 3979 et
1036 3914 1171 3978 delicato
1192 3914 1331 3999 corporis
1355 3919 1446 3977 motu

375 4039 492 4106 incedit
527 4043 699 4129 multisque
731 4044 772 4107 ab
802 4065 839 4108 eo
867 4041 1044 4129 praeceptis
1073 4041 1242 4105 instruitur
1266 4047 1302 4105 ut
1324 4039 1446 4106 urbane

373 4169 407 4234 in
429 4171 574 4235 convivio
596 4192 629 4236 se
652 4177 742 4258 gerat
764 4177 796 4236 ct
818 4168 929 4249 λόγους
952 4168 1083 4248 σεμνοὺς
1095 4167 1200 4247 λέγειν
1213 4170 1303 4236 sciat.
1320 4169 1445 4245 Quibus

376 4296 522 4362 omnibus
546 4299 683 4386 peractis
706 4300 875 4385 impatiens
898 4321 1006 4366 morae
1028 4320 1127 4366 senex
1149 4299 1326 4364 exclamat:
