3414 5042
918 653 956 714 16

401 857 511 924 sedulo
548 859 680 941 collata,
710 858 813 922 multa
844 855 935 922 docte
966 863 1177 942 accurateque
1199 857 1452 942 excogitaverint

400 1007 530 1072 perraro
564 983 784 1052 tantummodo
818 985 850 1048 in
882 985 1063 1071 Vesparum
1086 984 1228 1050 fabulam
1250 985 1472 1071 inquisitiones

399 1115 621 1180 constituerint
634 1115 676 1198 *).
710 1113 796 1179 Nam
827 1119 927 1178 scatet
950 1113 1029 1178 haec
1051 1113 1212 1179 comoedia
1234 1114 1310 1178 locis
1332 1115 1473 1180 obscuri-

398 1242 523 1324 oribus,
558 1242 613 1328 qui
645 1241 733 1307 haud
755 1241 850 1308 dubie
872 1241 1036 1307 Historiae
1057 1242 1129 1306 luce
1149 1242 1304 1307 illustrari
1327 1252 1470 1330 possunt.

399 1369 514 1454 Itaque
547 1390 597 1434 res
631 1369 710 1434 mihi
742 1369 928 1455 dignissima
962 1370 1031 1434 visa
1067 1376 1116 1435 est
1149 1391 1245 1456 quam
1267 1373 1375 1458 paullo
1401 1371 1471 1436 dili·

398 1498 525 1584 gentius
548 1499 758 1583 explorarem.

442 1626 515 1690 Non
556 1632 605 1690 est
640 1626 724 1712 quod
757 1627 909 1691 miremur
945 1627 1200 1714 Aristophanem
1234 1627 1341 1694 dedita
1373 1649 1469 1716 opera

397 1755 540 1820 fabulam
563 1756 775 1841 composuisse
801 1777 865 1841 qua
887 1757 966 1822 vitia
987 1757 1034 1821 rei
1051 1755 1240 1841 judiciariae
1252 1757 1285 1822 in
1297 1762 1468 1843 conspectu

397 1891 528 1970 poneret
558 1885 703 1969 salseque
726 1890 880 1970 carperet.
904 1884 1040 1948 Maximi
1063 1884 1148 1948 enim
1170 1885 1323 1950 momenti
1345 1886 1378 1949 in
1400 1906 1467 1971 rep.

397 2011 518 2078 Athen.
553 2018 645 2077 erant
663 2012 801 2097 judicia,
824 2013 942 2099 quippe
966 2033 1048 2098 quae
1069 2013 1156 2098 leges
1181 2014 1215 2076 in
1241 2014 1351 2099 populi
1373 2014 1468 2078 comi·

397 2140 450 2203 tiis
484 2141 566 2206 latas
591 2139 673 2204 tueri
697 2138 865 2223 deberent,
887 2140 1156 2226 gravissimasque
1181 2161 1299 2226 poenas
1324 2140 1467 2226 infligere

396 2268 429 2331 in
464 2288 589 2350 omnes,
626 2268 682 2353 qui
715 2289 825 2332 earum
848 2269 1071 2332 auctoritatem
1093 2269 1237 2332 minuere
1260 2269 1329 2333 ausi
1351 2274 1465 2334 essent.

396 2396 518 2461 Notum
553 2403 601 2460 est
636 2396 843 2461 Aristotelem
869 2417 997 2481 quoque
1029 2417 1071 2460 ea
1100 2417 1269 2461 numerare
1298 2396 1382 2462 inter
1405 2397 1467 2461 tria

396 2525 548 2610 primario
581 2524 659 2610 reip.
685 2523 891 2606 instituta†).
917 2523 964 2588 Ut
988 2524 1022 2586 in
1046 2529 1167 2590 ceteras
1190 2524 1269 2608 reip.
1292 2529 1400 2610 partes
1423 2526 1467 2588 sic

394 2653 534 2738 prolapsi
563 2652 596 2716 in
619 2652 698 2716 vitia
720 2652 837 2716 saeculi
860 2673 960 2737 prava
982 2651 1175 2716 consuetudo
1200 2652 1234 2715 in
1252 2651 1375 2734 judicia
1399 2671 1468 2716 sese

394 2780 580 2844 insinuarat.
615 2777 723 2862 Hujus
752 2780 813 2843 loci
836 2801 899 2844 non
922 2785 971 2844 est
993 2779 1153 2868 inquirere
1176 2785 1333 2864 quantum
1355 2779 1396 2843 ad
1413 2779 1467 2863 ju·

394 2908 548 2974 diciorum
572 2907 832 2993 depravationem
851 2907 1001 2972 tribuerit
1022 2928 1144 2972 meroes
1151 2906 1297 2992 judicum
1310 2929 1329 2971 a
1342 2906 1465 2971 Pericle

392 3038 560 3120 instituta,
585 3042 745 3121 postremo
769 3056 788 3098 a
812 3035 928 3100 Gleone
941 3041 1051 3119 aucta,
1065 3034 1465 3120 dilucideautemapparet

393 3164 619 3250 Aristophanis
641 3163 838 3250 temporibus
860 3162 1052 3249 probitatem
1072 3162 1218 3246 judicum
1239 3183 1303 3226 non
1326 3163 1366 3226 ab
1379 3163 1465 3227 omni

391 3292 637 3378 reprehensione
669 3291 766 3356 fuisse
800 3291 959 3376 integram
988 3291 1168 3375 mirumque
1190 3290 1224 3354 in
1246 3290 1375 3354 modum
1398 3311 1464 3354 ore-

392 3423 475 3487 visse
517 3441 671 3486 vesanum
712 3419 860 3506 litigandi
901 3426 932 3484 et
961 3417 1107 3504 judicum
1144 3439 1275 3484 munere
1311 3418 1465 3504 fungendi

389 3571 540 3616 amorem.

436 3679 509 3743 Hoc
532 3677 673 3742 studium
696 3673 851 3758 φιλόδικον
876 3697 994 3762 magna
1013 3697 1054 3742 ex
1075 3681 1168 3760 parte
1185 3675 1329 3740 manavit
1347 3695 1389 3740 ex
1407 3674 1464 3739 illa

396 3850 569 3866 ’,μ-..σηι-

424 3930 451 3997 *)
480 3930 624 3998 Bernhardy
648 3929 757 3981 Gruudr.
774 3929 817 3980 der
833 3928 933 3980 Grieeh.
950 3929 1040 3979 Litter.
1058 3927 1093 3978 II.
1111 3931 1134 3979 2.
1152 3943 1210 3996 pag.
1226 3929 1275 3978 655
1293 3927 1357 3991 „ldit
1371 3925 1463 3976 diesem

391 4035 485 4088 Drama
501 4037 545 4087 hat
562 4051 619 4088 man
637 4036 687 4087 viel
703 4051 736 4086 zu
751 4037 834 4102 wenig
850 4035 904 4085 sich
921 4033 1097 4100 besch'a'itigt.'‘

424 4142 451 4207 †)
479 4143 559 4194 Arist.
585 4142 639 4194 Pol.
665 4143 701 4193 Il.
727 4145 766 4194 11.
785 4146 807 4194 1.
825 4141 917 4191 ”Ean
937 4139 968 4190 δι’
988 4141 1039 4190 τῶν
1059 4142 1134 4207 τριῶν
1152 4142 1258 4192 τούτων
1275 4138 1303 4189 ἓν
1319 4139 1369 4201 μέν
1385 4158 1412 4188 τι
1429 4139 1460 4187 τὸ

391 4250 593 4312 βουλευόμενον
613 4250 678 4314 περὶ
696 4250 748 4299 τῶν
766 4249 863 4312 acarde,
879 4247 1013 4316 cistriaco
1031 4247 1062 4297 dd
1081 4251 1113 4298 τὸ
1132 4249 1196 4313 arpi
1206 4250 1255 4306 τὰς
1264 4243 1359 4314 ἀρχὰς,
1368 4246 1460 4312 τρίτον

390 4357 423 4409 δι’
442 4375 469 4408 τι
487 4359 518 4407 τὸ
539 4356 660 4426 δικάζον.
