3414 5042
446 859 500 922 οὐκ
522 852 577 922 οἶδ’
599 857 718 942 οὐγὰρ
740 857 786 921 πώ
809 881 855 930 τις
880 858 926 923 ἑὸν
948 855 1034 936 γόνον
1057 858 1151 933 αὐτὸς
1174 855 1303 936 ἀνέγνω.

403 983 510 1050 Iratus
542 983 627 1069 quod
649 985 672 1048 ii
694 993 823 1071 propter
848 1008 927 1073 quos
951 988 1016 1051 tole
1038 987 1216 1073 periculum
1240 987 1431 1072 suscepisset

359 1133 423 1177 non
458 1113 560 1177 solum
593 1133 626 1177 se
660 1112 892 1196 deseruissent,
925 1113 980 1179 sed
1001 1115 1130 1200 insuper
1152 1113 1301 1178 delectati
1324 1118 1431 1178 esseut

355 1239 453 1323 jocis,
483 1239 672 1304 necessitate
706 1239 766 1304 sibi
800 1241 979 1326 expressis,
1009 1262 1029 1305 a
1057 1247 1165 1305 vetere
1187 1241 1318 1305 consilio
1341 1240 1431 1327 paul·

359 1365 427 1430 lum
460 1386 493 1430 se
524 1367 689 1431 recessisse
718 1367 888 1431 confitetur
926 1365 1004 1448 ,erl
1033 1389 1063 1430 τι
1093 1367 1199 1448 μικρὸν
1230 1367 1427 1442 ε’πιθήκισῶ*

358 1514 421 1580 quo
455 1494 540 1558 lacto
569 1494 730 1558 nonnullis
754 1496 955 1581 popularium
977 1496 1065 1560 visus
1088 1502 1137 1561 est
1159 1517 1232 1560 cum
1253 1496 1371 1562 Oleone
1395 1496 1428 1560 in

357 1620 495 1706 gratiam
517 1620 657 1686 rediisse.

401 1747 518 1813 Ranke
551 1748 584 1812 in
618 1748 697 1813 Vite
731 1747 832 1812 Arist.
867 1771 918 1835 ap.
953 1749 1051 1815 Mein.
1088 1753 1129 1814 25
1153 1748 1315 1815 contendit
1339 1748 1429 1812 Aris·

357 1874 529 1962 topbanem
562 1876 612 1939 his
641 1874 787 1940 uersibus
816 1875 984 1962 perhibere
1009 1895 1043 1940 se
1067 1875 1177 1940 Cleoni
1200 1874 1337 1939 blandiri
1360 1895 1429 1939 coe-

357 2005 440 2089 pisse
475 2005 509 2067 in
543 2003 703 2069 comoedia
734 2005 819 2068 hunc
853 2005 895 2069 ad
923 2005 1019 2069 finem
1045 2005 1235 2090 composita,
1258 2024 1355 2089 quarn
1378 2024 1428 2068 co·

356 2117 514 2196 moediam
552 2131 719 2216 Agricolas
752 2133 849 2196 fuisse
878 2131 1022 2215 conjicit,
1059 2151 1157 2217 quum
1191 2136 1263 2217 post
1294 2129 1427 2215 Equites

356 2263 431 2323 ante
455 2258 581 2345 Vespes
606 2259 714 2324 doctas
737 2280 850 2324 scenae
872 2260 913 2324 sit
935 2260 1102 2324 commissa
1125 2279 1183 2324 nec
1203 2263 1361 2344 quantum
1385 2277 1426 2321 ex

355 2387 534 2472 fragmento
557 2388 756 2472 intelligatur
780 2386 930 2452 Cleonem
954 2387 1177 2472 exagitaverit.

399 2513 440 2578 In
473 2515 575 2600 primo
598 2519 706 2578 autem
731 2512 826 2597 hujus
850 2513 1029 2578 comoediae
1052 2514 1231 2598 fragmento
1254 2533 1305 2597 ap.
1328 2511 1425 2576 Dind.

359 2644 438 2725 157,
473 2663 538 2729 que
561 2663 672 2729 pacem
692 2641 925 2707 commendarit
947 2641 1074 2724 Nicias,
1095 2640 1320 2727 perstringitur
1342 2638 1426 2724 quod

354 2769 439 2833 ultro
461 2770 657 2856 provinciam
679 2769 862 2856 projecisset
873 2776 971 2855 etque
982 2769 1109 2834 inimico
1121 2768 1328 2854 praebuisset,
1341 2766 1425 2852 quod

228 2907 231 2914 '
354 2902 439 2961 certe
471 2918 535 2961 non
569 2895 690 2961 dictum
724 2902 772 2961 ost
804 2896 845 2960 ad
867 2896 1017 2962 Cleonem
1041 2893 1302 2983 permulcendum
1320 2913 1424 2980 neque

353 3023 445 3090 video
479 3025 636 3111 quomodo
670 3024 902 3111 Aristophanes
932 3045 1008 3090 ase
1028 3024 1199 3109 impetrare
1221 3007 1363 3108 potuerit
1387 3026 1423 3085 ut

352 3151 410 3215 tali
432 3151 613 3217 adversario
637 3152 845 3218 blandiretur.
869 3152 940 3237 Ego
961 3152 1068 3238 potius
1085 3149 1274 3216 crediderim
1297 3147 1422 3214 Aristo-

352 3275 493 3365 phanem
531 3279 591 3344 sibi
633 3281 738 3344 visum
780 3301 849 3346 esse
890 3279 1044 3344 invidioso
1083 3278 1212 3342 inimico
1246 3275 1420 3358 πιθηκίζειν

352 3429 451 3492 quum
473 3406 647 3473 abstineret
670 3409 813 3491 acerbis,
837 3414 873 3472 ut
896 3413 1085 3490 consuerat,
1102 3406 1184 3490 jocis
1209 3407 1422 3493 eumadsper·

351 3557 436 3622 gere.
460 3535 726 3620 Quandoquidem
748 3537 782 3601 in
806 3535 955 3600 Nubibus
969 3535 1119 3600 Cleonem
1131 3555 1196 3598 non
1206 3534 1421 3599 lacessivit-

350 3668 474 3728 constat
499 3663 584 3728 enim
606 3684 689 3748 quae
706 3663 933 3728 contumeliose
955 3664 989 3727 in
1011 3663 1235 3748 Demagogum
1258 3661 1420 3727 dictasint

351 3789 391 3856 ad
419 3791 555 3877 primam
587 3790 683 3875 hujus
717 3790 846 3855 fabulae
870 3791 1084 3855 recensionem
1106 3811 1170 3853 non
1193 3790 1353 3874 pertinere
1377 3827 1419 3837 -

318 3985 321 3993 ,
351 3939 384 3983 se
417 3919 450 3982 in
481 3919 542 3984 hac
564 3919 674 3984 fabula
696 3918 737 3983 ab
760 3919 857 3983 armis
881 3918 1059 3984 discessisse
1082 3919 1177 4004 potita
1202 3915 1282 3981 mihi
1301 3916 1420 4001 signifi·

350 4067 422 4111 care
445 4044 580 4112 videtur.

394 4173 560 4239 Postremo
582 4173 682 4238 hilare
705 4175 881 4239 exclamat:
905 4168 975 4238 sira
995 4179 1044 4240 νῦν
1068 4172 1261 4252 ἐξηπάτησεν
1283 4168 1418 4252 ἡχάραξ

349 4304 404 4380 τὴν
427 4306 582 4377 ἄμπελον.

1663 2415 1684 3018 l
