3414 5042
896 656 938 716 40

383 854 509 940 Cleonis
531 855 663 940 ejusque
684 855 835 920 similium
858 857 892 920 in
915 877 981 942 rep.
1005 857 1257 922 administranda
1276 856 1357 920 ratio
1381 875 1453 939 gra·

382 983 464 1047 viter
494 982 722 1068 impugnatur,
745 984 792 1047 ita
814 1004 851 1048 ea
873 1004 955 1068 quae
979 984 1012 1048 in
1036 985 1141 1068 ipsum
1166 983 1318 1048 Cleonem
1342 983 1452 1046 dicun·
1561 1011 1565 1020 ⁴

382 1114 435 1174 tur
456 1110 583 1175 lenioris
605 1112 730 1195 generis
753 1116 827 1175 sunt
840 1111 981 1176 dicteria.
1001 1111 1180 1176 Est‘autem
1192 1111 1298 1196 opinio
1310 1111 1452 1175 Molleri-

382 1236 561 1324 Striibingii
599 1259 710 1303 versus
742 1239 838 1304 hosce
873 1239 906 1302 in
942 1239 1027 1304 Pace
1060 1245 1187 1304 tantum
1221 1259 1314 1303 suum
1348 1239 1452 1302 locum

381 1364 544 1448 obtinere,
579 1365 635 1430 sed
656 1367 842 1451 scriptorem
864 1366 1045 1452 quendam,
1068 1387 1178 1432 eorum
1201 1368 1266 1430 vim
1291 1373 1323 1430 et
1346 1367 1451 1451 gravi·

380 1495 481 1556 tatem
521 1491 735 1576 admiratum,
772 1514 792 1557 a
823 1514 857 1556 se
892 1493 1064 1578 impetrare
1098 1514 1161 1556 non
1197 1493 1337 1577 potuisse
1373 1493 1450 1577 quin

380 1639 433 1684 eos
464 1619 498 1684 iu
533 1619 658 1706 Vespas
693 1621 900 1702 transferret,
929 1621 1032 1704 iisque
1062 1620 1160 1683 alium
1191 1617 1372 1702 quendam,
1396 1618 1452 1682 aed

379 1747 559 1830 mitiorem,
593 1748 628 1812 in
663 1748 813 1814 Cleonem
843 1749 999 1833 impetum
1029 1747 1139 1812 cedere
1168 1746 1307 1829 juberet.
1322 1746 1353 1827 *)
1378 1744 1450 1808 Non

379 1878 428 1937 est
450 1875 518 1938 veri
540 1874 693 1940 dissimile
714 1878 761 1940 ita
782 1895 850 1974 rem
873 1897 907 1940 se
922 1875 1040 1940 habere
1052 1924 1059 1957 ,
1073 1894 1268 1959 quamquam
1281 1872 1361 1936 nihil
1373 1872 1449 1935 certi

379 2001 477 2064 statui
498 2006 614 2087 potest.
639 2003 723 2068 Nam
746 2002 832 2088 quod
857 2003 901 2068 M.
926 2002 959 2067 S.
983 2003 1076 2067 affert
1099 2006 1345 2086 argumentum,
1372 2005 1450 2062 tem-

378 2146 457 2211 pora
490 2127 683 2214 Imperieota
716 2127 883 2212 (ἔλαμπον,
918 2129 1111 2208 ἐλιχμῶντο,
1143 2122 1225 2215 εἶχε)
1247 2147 1312 2190 non
1333 2125 1394 2189 nisi
1416 2125 1449 2188 in

378 2259 539 2318 mortuum
559 2257 744 2340 convenire,
762 2257 797 2321 in
808 2277 846 2322 eo
857 2257 906 2322 vir
918 2258 1101 2341 ceteroquin
1112 2257 1313 2322 acutissimus
1326 2277 1345 2318 a
1357 2274 1449 2338 scopo

378 2380 542 2447 aberrasse
577 2381 714 2448 videtur.
749 2384 862 2468 Neque
883 2385 968 2449 enirn
993 2383 1167 2449 secundum
1191 2405 1261 2448 eam
1282 2401 1448 2462 normam,

378 2525 476 2593 quam
511 2507 721 2574 Grammatici
755 2511 1009 2576 consecutionem
1045 2517 1225 2597 temporum
1260 2509 1447 2596 appellant,

377 2634 439 2700 alio
473 2655 570 2720 quam
603 2635 735 2722 Imperi.
769 2643 913 2722 tempore
934 2643 1047 2724 positae
1071 2641 1119 2703 uti
1140 2639 1256 2703 licebat
1281 2633 1447 2719 (ἐπεχείρει

377 2797 419 2806 —-
440 2759 559 2837 ξνππνὶς
580 2770 625 2852 τῷ
650 2763 868 2844 καρχαρόδοντι
894 2803 935 2812 -
958 2759 992 2828 οὗ
1016 2803 1057 2812 —-
1081 2763 1234 2841 ἔλαμπον.
1258 2787 1276 2827 κ
1300 2786 1329 2828 τ.
1355 2760 1399 2849 λ.)
1415 2769 1447 2826 et

376 2887 415 2952 da
447 2889 518 2953 aliis
551 2910 678 2976 qnoque
713 2912 791 2977 quos
821 2893 1023 2978 impugnavit
1054 2893 1190 2956 inimicis
1213 2892 1297 2956 idem
1320 2881 1447 2978 tempus

375 3014 522 3082 adhibet:

924 3145 1020 3228 Φνπίν
1042 3169 1078 3210 πε
1102 3150 1173 3224 μετ’
1199 3147 1294 3211 adria

373 3274 437 3343 τοῖς
459 3267 602 3346 ἠπιάλοις
626 3273 821 3351 ἐπιχειρῆσαι
844 3270 967 3352 πέρυσιν
991 3275 1045 3336 καὶ
1069 3281 1134 3348 τοῖς
1155 3279 1325 3354 πυρετοῖσιν
1355 3314 1357 3318 -

372 3395 398 3459 οἳ
417 3395 488 3472 τοὺς
506 3396 646 3478 πνιπέρνς
663 3393 796 3481 τ’ἦρχνν
816 3397 930 3480 νύκτωρ
953 3403 1008 3464 καὶ
1020 3399 1091 3475 τοὺς
1103 3399 1252 3475 πνὶππονς
1263 3399 1445 3478 ἀπέπνιγον.

372 3524 405 3590 N
406 3547 459 3591 am
481 3525 588 3592 hercle
609 3527 749 3592 nondum
767 3534 940 3593 evanuerat
952 3549 1173 3613 geneseorum
1186 3579 1193 3612 ,
1207 3532 1262 3614 qui
1274 3528 1446 3594 secundum

372 3657 501 3740 poetam
533 3675 634 3740 prava
666 3654 890 3741 Sophistarum
921 3655 1065 3720 doctrina
1087 3658 1228 3742 corrupti
1251 3656 1291 3721 ab
1314 3657 1447 3741 antiqua

371 3787 404 3848 ct
425 3781 560 3867 pristina
582 3782 701 3848 virtute
724 3783 977 3868 degenerassent.
1001 3821 1042 3830 -

416 3907 529 3973 Finem
550 3909 703 3974 faciamus
724 3909 759 3973 in
780 3910 848 3974 loco
870 3910 988 3974 eximio
1011 3930 1107 3996 quem
1131 3915 1235 3976 totum
1255 3909 1445 3990 exscribam,

371 4055 418 4100 vs.
445 4035 529 4100 1284
552 4053 621 4121 sqq.

376 4204 622 4218 Μ

404 4302 432 4368 ⁴*)
449 4303 689 4370 Miller-Strltbing:
707 4306 885 4370 Aristophanes
903 4307 953 4357 und
963 4307 1002 4358 die
1013 4309 1163 4358 historische
1173 4308 1269 4358 Kritik.
1281 4310 1344 4358 1873
1354 4321 1377 4370 ρ.
1388 4309 1443 4356 171.

1667 4619 1679 4680 l
