3414 5042
618 1701 902 1818 curui
968 1701 1004 1815 Ι.

427 2197 497 2254 Quo
523 2197 684 2246 CONSILIO
707 2197 840 2247 VESPAE
864 2197 942 2247 sntr
967 2197 1194 2248 conpositus.

321 2404 371 2472 De
403 2407 630 2496 Aristophanis
659 2409 788 2496 ingenio
812 2430 850 2474 aa
872 2407 987 2474 studiis
1010 2407 1104 2473 multi
1129 2407 1231 2472 multa
1251 2406 1349 2494 scrip·

280 2541 399 2600 serunt.
436 2535 543 2610 Quum
575 2544 685 2603 nostro
720 2537 909 2623 praesertim
943 2543 1087 2623 tempore
1108 2556 1192 2600 unus
1213 2541 1246 2600 et
1268 2534 1349 2600 alter

277 2681 314 2727 ex
339 2663 407 2747 ejus
430 2665 598 2730 comoediis
619 2667 707 2730 loeus
731 2667 839 2752 paullo
864 2664 1021 2729 diffieilior
1046 2685 1065 2728 a
1089 2684 1142 2729 rr.
1166 2662 1264 2727 doett.
1280 2663 1349 2727 feli·

277 2790 402 2855 eissimn
423 2792 543 2877 ingenii
564 2794 710 2859 acumine
731 2795 779 2858 ita
801 2793 842 2859 sit
866 2793 1065 2874 illustratus,
1090 2798 1127 2857 ut
1149 2791 1238 2856 nulla
1250 2795 1349 2857 restet

277 2916 444 2984 dubitandi
475 2921 577 3004 ratio,
601 2927 710 2987 tamen
733 2923 834 2987 multo
860 2923 953 3008 plura
975 2924 1146 3007 supersunt
1170 2918 1209 2983 de
1233 2918 1349 3004 quibus

276 3046 320 3130 ii,
353 3047 409 3133 qui
443 3048 626 3135 diligentius
659 3051 693 3116 in
722 3051 889 3115 historiam
924 3031 1128 3114 Athenarum
1163 3046 1349 3132 inquirunt,

277 3173 406 3259 litigant
438 3177 536 3240 etiam
570 3184 602 3241 et
635 3178 670 3242 in
704 3178 844 3243 diversas
867 3177 986 3242 abeunt
1011 3182 1129 3262 partes.
1154 3173 1225 3238 Hoe
1247 3194 1349 3238 unum

278 3305 385 3366 tamen
415 3303 501 3389 apud
530 3325 639 3370 omnes
662 3311 786 3372 constat
808 3306 878 3390 ejus
902 3303 1091 3385 comoediis,
1115 3303 1142 3366 si
1164 3302 1350 3367 universum

279 3435 420 3514 spectas,
461 3439 581 3497 certam
623 3434 785 3520 quandam
825 3435 929 3498 inesse
964 3437 1104 3497 mentem
1129 3429 1350 3513 indolemque,

279 3577 452 3645 omnesque
481 3581 536 3626 eas
565 3563 725 3648 pertinere
758 3561 800 3627 ad
833 3558 1114 3627 demonstrandum
1137 3556 1214 3643 quid
1236 3560 1350 3642 positas

279 3682 318 3749 de
340 3691 409 3750 tota
430 3708 497 3774 rep.
522 3687 618 3752 fuerit
636 3688 804 3773 judicium.
829 3687 893 3762 Qui
915 3687 956 3753 ad
978 3686 1062 3752 hane
1083 3687 1188 3751 lucem
1208 3684 1246 3749 de
1259 3684 1349 3748 Aris·

279 3813 419 3899 tophane
443 3815 681 3901 disseruerunt,
705 3839 815 3884 eorum
839 3818 905 3883 fere
929 3816 992 3881 hue
1014 3813 1096 3880 redit
1120 3812 1293 3899 disputatio
1306 3812 1348 3896 ²⁸¹).

283 3963 480 3978 2-——1--3-

310 4065 338 4132 1)
349 4065 424 4118 Recte
441 4067 505 4118 mihi
520 4066 622 4118 ridetur
638 4067 735 4119 omuino
752 4081 804 4118 rem
820 4066 977 4132 perspexisse
993 4064 1114 4116 Bitscher
1129 4059 1351 4124 inlibru„Aristo·

278 4171 370 4236 phanes
388 4172 438 4224 und
455 4173 508 4224 sein
525 4173 666 4237 Zeitulter‚”
684 4174 782 4224 etiamsi
798 4171 861 4238 quid
877 4173 970 4224 sentiat
989 4171 1135 4237 plerumque
1143 4165 1227 4220 serbis
1235 4163 1349 4218 obscuris

278 4281 304 4328 et
319 4279 534 4344 sesquipedalibus
551 4275 680 4344 exprimet.

328 4386 359 4436 et.
374 4384 519 4454 Bemhsrdy
535 4387 578 4436 Gr.
596 4387 646 4438 Lit.
663 4387 699 4437 11.
717 4400 742 4452 p.
759 4386 808 4436 604
824 4400 878 4454 sqq.
