3414 5042
919 629 959 686 b'll

458 831 624 895 Habemus
661 833 758 916 igitur
793 829 871 894 duas
907 853 1037 913 scorias,
1073 832 1155 896 inter
1190 855 1257 896 sese
1290 832 1490 915 simillimas,

414 958 550 1022 invicem
573 979 606 1022 se
630 959 842 1044 excipientes,
867 980 1002 1044 querum
1026 960 1184 1042 secunda,
1207 962 1313 1024 nescio
1335 961 1491 1045 qnidmo-

413 1086 525 1152 lestiae
552 1107 588 1152 ac
612 1087 730 1152 fastidii
753 1087 864 1151 lectori
886 1087 926 1152 ad
950 1089 1045 1152 finem
1070 1090 1253 1173 properanti
1276 1089 1379 1152 affort.
1398 1089 1490 1154 Haeo

413 1214 587 1280 similitudo
614 1216 746 1300 coplas
770 1217 866 1280 etiam
890 1216 987 1280 habet
1013 1217 1211 1298 offensionis,
1235 1219 1261 1280 si
1285 1218 1356 1302 quis
1381 1239 1489 1281 secam

412 1350 559 1428 reputet,
594 1350 715 1428 quanta
745 1345 778 1406 in
800 1345 912 1406 noteris
936 1343 1052 1407 fabulis
1077 1351 1145 1406 arte
1169 1345 1275 1407 omnia
1298 1344 1338 1407 ab
1363 1344 1488 1410 Aristo·

413 1472 517 1556 plrane
553 1477 742 1554 argumenta
776 1472 949 1552 varientur,
982 1473 1487 1556 quantumqueinveniendarum

411 1621 518 1664 rerum
541 1600 631 1686 eopia
655 1599 771 1663 Noster
795 1601 915 1662 floreat.

456 1727 545 1791 Inter
576 1727 633 1790 lras
657 1749 766 1790 scenas
789 1727 906 1809 legitur
932 1726 1122 1807 Canticum,
1148 1747 1211 1810 quo
1236 1727 1350 1790 chorus
1377 1727 1486 1791 laudat

411 1855 571 1920 fortunam
607 1854 842 1935 Philocleonis‚
879 1855 998 1938 quiex
1033 1853 1178 1938 squalida
1213 1855 1339 1918 vivendi
1364 1856 1486 1919 ratione

410 1983 473 2048 elie
503 1983 572 2066 jem
602 2004 659 2068 pro
681 1984 743 2046 illis
767 1982 914 2064 edoctus,
939 1981 979 2045 nd
1002 1981 1133 2044 meliora
1157 2003 1189 2046 se
1212 2003 1422 2046 conversurus
1445 1983 1486 2046 sit

411 2117 442 2174 et
472 2107 560 2185 μέγα
591 2133 620 2172 τι
642 2115 880 2185 μεταπεσεῖται.
908 2109 1024 2172 Statim
1048 2116 1156 2172 autem
1179 2109 1328 2192 subjicit,
1352 2110 1486 2174 fortasse

411 2259 539 2320 senem,
575 2259 674 2323 quum
697 2237 824 2302 difficile
848 2239 888 2300 sit
912 2259 1016 2300 mores
1039 2238 1154 2321 quibus
1178 2259 1302 2322 semper
1325 2238 1395 2322 quis
1419 2239 1485 2302 fue·

410 2367 452 2430 rit
483 2373 628 2448 mutare,
652 2388 671 2430 a
694 2373 800 2429 vetere
824 2364 1052 2428 consuetudine
1076 2365 1221 2428 recedere
1243 2366 1336 2428 nolle.
1362 2366 1485 2429 Deinde

412 2495 536 2578 magnis
582 2493 730 2557 laudibus
772 2493 949 2556 celebratur
991 2493 1162 2577 Bdelyoleo
1208 2493 1247 2555 ob
1282 2515 1372 2556 suam
1407 2514 1483 2573 erga

411 2629 535 2706 patrem
570 2622 722 2707 pietatem
755 2628 786 2685 ot
821 2622 978 2706 insignem
1013 2621 1186 2685 sollertiam
1220 2642 1317 2705 quam
1352 2623 1385 2684 ia
1420 2643 1485 2684 cer·

413 2751 535 2814 tamine
558 2749 596 2813 de
615 2749 744 2833 judiciis
767 2749 959 2814 exhibuerit.
985 2750 1016 2830 *J

457 2878 542 2953 Quid
575 2878 634 2941 hoo
668 2877 736 2940 looo
759 2878 823 2940 tale
846 2877 906 2940 sibi
934 2877 1010 2940 velit
1034 2876 1194 2940 canticum
1218 2874 1388 2939 obscurum
1413 2879 1483 2956 est,

412 3030 511 3094 quum
544 3007 674 3070 minime
704 3005 773 3087 jam
807 3005 964 3068 incertum
988 3005 1027 3066 sit
1051 3005 1083 3066 in
1107 3025 1203 3088 quam
1228 3012 1353 3088 partem
1375 3003 1484 3067 Philo-

412 3138 478 3200 cleo
502 3136 542 3198 sit
565 3133 719 3196 abiturus.
745 3132 829 3196 Satis
853 3132 938 3195 enim
961 3131 1098 3195 ostendit
1122 3131 1327 3194 vehementer
1346 3131 1484 3216 sibipla·

412 3284 482 3328 cere
515 3261 672 3325 rationem
708 3261 794 3324 ritae
817 3283 836 3323 a
860 3267 967 3323 vetere
991 3281 1120 3344 prorsus
1144 3259 1378 3322 abhorrentem.
1402 3258 1484 3320 Nos-

412 3397 498 3455 trum
534 3389 703 3454 Canticum
742 3389 840 3472 igitur
874 3385 981 3450 sedem
1015 3409 1078 3471 qua
1111 3407 1196 3450 nunc
1226 3386 1344 3470 legitur
1366 3387 1485 3468 injuria

412 3539 566 3604 occupare
589 3518 666 3582 satis
686 3517 796 3600 liquet.

456 3646 560 3710 Video
582 3651 656 3709 ante
680 3667 796 3730 paucos
820 3665 919 3708 annos
943 3645 975 3707 in
999 3643 1124 3708 easdem
1145 3643 1380 3705 observationes
1406 3642 1484 3705 inci-

413 3776 495 3840 disse
530 3797 560 3839 v.
600 3774 629 3838 d.
666 3774 824 3857 Stanger,
843 3774 880 3854 †)
916 3773 970 3857 qui
1005 3772 1045 3835 ad
1069 3772 1151 3835 hanc
1175 3771 1356 3855 vesparum
1378 3769 1484 3833 condi-

445 3982 470 4043 *r
489 3983 584 4032 Chorus
610 3983 691 4048 igitur
714 3984 754 4032 sui
780 3984 860 4047 ipsius
887 3982 944 4045 quis
971 3983 1006 4030 sit
1030 3980 1139 4041 oblitus,
1155 3993 1228 4043 quam
1246 3981 1317 4028 antee
1333 3977 1485 4041 praedicavit

412 4091 488 4139 vitam
503 4087 651 4153 judicialem
668 4104 732 4138 nunc
751 4088 880 4153 improbat.
899 4089 957 4136 Pari
974 4085 1045 4136 modo
1062 4087 1207 4136 sententiam
1224 4087 1305 4134 mutet
1321 4083 1411 4132 chorus
1422 4083 1485 4132 leh-

412 4208 464 4244 ara.
481 4193 610 4257 Nubium,
628 4193 710 4245 Pacis.

447 4301 475 4365 †)
494 4301 537 4351 Dr.
555 4301 574 4352 1.
590 4300 700 4364 Staager.
711 4269 982 4363 UeberUmarbeitnug
990 4300 1085 4363 einiger
1094 4297 1330 4362 Aristophaniscben
1339 4294 1483 4346 Kombdieir.
