3414 5042
919 643 938 704 4

392 850 577 937 praeberet,
598 848 911 934 Aristophanemque
934 850 1038 914 virum
1060 850 1213 915 eximium
1235 853 1361 937 saepius
1374 857 1463 937 petu-

392 978 496 1042 lanter
518 976 743 1063 perstrinxisse
765 977 820 1039 vix
845 982 893 1041 est
916 976 1000 1061 quod
1022 997 1177 1043 moneam.
1191 979 1223 1062 ²⁸¹)

436 1104 515 1170 Post
547 1105 680 1170 Periclis
713 1105 837 1168 obitum
871 1105 904 1168 in
938 1126 1074 1170 vacuam
1107 1108 1337 1192 possessionem
1369 1107 1464 1171 unius

393 1219 488 1298 multi
528 1238 707 1317 venerunt3
748 1234 803 1318 qui
839 1254 938 1318 quum
972 1234 1077 1297 minus
1111 1241 1240 1320 possent
1274 1236 1464 1300 anctoritate

393 1361 549 1426 dominari
572 1362 676 1444 eires,
710 1361 813 1446 magis
837 1383 934 1446 quam
957 1361 1011 1426 ille
1034 1361 1167 1427 delinire
1189 1363 1315 1448 plebem
1340 1363 1464 1448 sibique

393 1489 542 1574 obsequio
565 1489 733 1553 eoneiliare
753 1479 941 1571 studebant,
965 1489 1148 1554 libertatem
1168 1492 1257 1576 large
1282 1491 1464 1555 ministran-

392 1624 450 1682 tes.
470 1619 507 1701 †)
538 1615 609 1690 Quo
640 1615 732 1680 modo
761 1616 795 1679 in
824 1616 881 1680 hos
905 1616 1137 1703 Aristophanes
1160 1618 1306 1683 inveotus
1328 1619 1370 1681 sit
1394 1618 1465 1682 uni·

393 1746 507 1830 cuique
552 1751 665 1809 notum
709 1749 767 1808 est.
813 1743 947 1829 Saepius
993 1751 1100 1810 autem
1137 1745 1257 1810 Oomioi
1292 1745 1465 1810 criminati·

393 1896 468 1939 ones
493 1881 524 1938 et
558 1872 820 1958 exprobrationes
850 1872 992 1956 ejusdem
1015 1879 1090 1938 sunt
1112 1880 1207 1938 notae
1231 1895 1269 1938 ao
1294 1873 1465 1939 Oratorum

392 2001 573 2067 foedissime
607 2021 752 2086 quaeque
791 2001 824 2063 in
864 2000 1061 2065 adversarios
1100 2002 1354 2085 oonjioientium‚
1390 2001 1466 2065 dum

391 2136 582 2216 argumenta
619 2135 651 2195 et
685 2135 782 2194 testes
816 2131 936 2194 atrocia
970 2130 1103 2195 erimina
1138 2130 1362 2195 confirmantes
1400 2132 1466 2215 ple·

394 2279 530 2344 rumque
574 2279 635 2322 non
671 2257 886 2342 proferuntur.
930 2256 1028 2344 Apud
1062 2257 1314 2343 Aristophanem
1347 2259 1466 2344 passim

344 2447 347 2452 .
396 2386 574 2472 Demagogi
616 2392 795 2472 arguuntur
837 2408 962 2450 crassae
1003 2387 1225 2472 ignorantiae,
1272 2387 1466 2471 impudentis

396 2516 632 2602 protervitatis,
665 2514 706 2579 ad
740 2536 840 2579 unum
873 2536 981 2579 omues
1015 2520 1089 2578 sunt
1123 2515 1251 2578 venales
1283 2515 1370 2578 fures
1393 2515 1467 2578 boni

396 2644 526 2730 publioi.
552 2643 642 2717 Quae
664 2644 744 2708 vitia
767 2645 880 2707 saltem
904 2643 1010 2706 omnia
1032 2643 1194 2728 pertinent
1217 2643 1259 2707 ad
1280 2663 1349 2708 rem
1363 2643 1467 2728 publi·

397 2793 467 2836 oam
491 2771 784 2836 administrandam.
810 2771 873 2834 Sed
895 2771 951 2855 qui
972 2791 1090 2855 quaeso
1113 2770 1182 2834 fieri
1201 2775 1306 2856 potest
1326 2776 1467 2834 utnemo

398 2899 622 2965 Democratiae
655 2900 816 2964 fautorum
850 2921 914 2963 non
947 2901 988 2963 sit
1014 2899 1218 2981 luxuriosus,
1242 2899 1413 2963 teterrimis
1436 2905 1468 2962 et

397 3028 589 3113 turpissimis
610 3028 697 3091 vitiis
720 3028 901 3091 obnoxius?
915 3029 946 3110 ξ)

528 3153 797 3228 Κεκολλόνιειικοις,
821 3157 982 3234 τοιγαροῦν
1004 3155 1098 3234 ῥήτωρ
1122 3153 1183 3218 ἔστι

397 3285 514 3370 legitur
525 3285 558 3348 in
570 3283 716 3348 Platonis
731 3305 810 3348 eom.
822 3283 1010 3368 fragmento.
1023 3282 1066 3346 Et
1078 3284 1111 3346 in
1124 3282 1225 3347 Arist.
1238 3281 1324 3346 Eool.
1335 3303 1380 3346 vs.
1397 3284 1469 3346 112.

522 3410 656 3489 Λέγουσι
680 3411 741 3490 γὰρ
766 3410 818 3476 ιιοιιΙ
840 3416 901 3474 τῶν
924 3410 1087 3474 νεανίσκων
1109 3405 1169 3476 ibor

523 3547 663 3605 πλεῖστοι
687 3539 868 3605 σποδοῦνται
892 3538 1080 3613 δεινοτάτους
1104 3534 1181 3602 εἷνοοι
1203 3537 1318 3616 λέγειν.
1332 3541 1382 3623 **)

430 3725 459 3792 *)
477 3727 532 3786 Quo
548 3728 602 3778 loeo
618 3744 646 3779 ae
663 3731 743 3794 pretio
759 3729 934 3794 Aristophanis
950 3729 979 3780 de
995 3729 1089 3780 Pericle
1098 3729 1298 3779 narratiunculae
1306 3728 1414 3779 Acheru.
1423 3731 1472 3780 524

399 3849 452 3900 sqq.
471 3834 530 3886 Pae.
553 3851 591 3886 vs.
608 3838 656 3888 670
674 3837 725 3886 sint
741 3835 864 3885 habendae
872 3837 988 3900 exposuit
996 3852 1018 3886 v.
1029 3835 1059 3885 cl.
1070 3835 1152 3886 Cobet.
1163 3836 1262 3900 Prosop.
1273 3835 1335 3884 Xen.
1344 3850 1368 3898 p.
1377 3837 1410 3885 80
1417 3849 1472 3900 sqq.

432 3941 461 4006 †)
489 3941 519 3991 cs.
546 3942 625 3993 Thuc-
650 3943 685 3995 ΙΙ,
711 3944 744 3993 66
769 3943 795 3992 οἶ
822 3941 853 3991 δὲ
879 3944 993 4007 ὕστερον
1018 3941 1072 3992 ἴσον
1090 3942 1172 3992 αὐτοὶ
1191 3942 1293 4003 μᾶλλον
1309 3945 1376 4006 πρὸς
1393 3941 1474 4005 attej-

401 4048 462 4106 λονς
490 4047 567 4106 ὄντος
587 4049 633 4097 unt
651 4047 808 4114 ὄριγὸμννοι
824 4054 873 4099 τοῦ
893 4051 994 4115 πρῶτος
1012 4048 1123 4106 ἕκαστος
1142 4051 1305 4112 γίγνεσθαι,
1322 4049 1471 4113 ἐτράποντο

402 4152 473 4204 καθ’
492 4154 593 4217 ἡδονὰς
611 4156 649 4222 τῷ
667 4156 746 4223 δήμῳ
765 4155 812 4204 καί
828 4160 863 4206 τὰ
879 4158 1029 4222 πράγματα
1049 4156 1193 4207 dedititiam.

434 4260 460 4325 ξ)
478 4261 509 4314 os.
526 4261 613 4326 Equit.
632 4277 668 4313 rs.
687 4264 735 4313 180
752 4277 805 4327 sqq.
824 4261 868 4311 nbi
884 4262 1023 4328 Demagogi
1039 4263 1121 4327 imago
1138 4221 1289 4326 depingitur.

435 4366 478 4432 ss)
497 4365 595 4418 Similis
614 4367 735 4434 leguntur
750 4367 815 4418 Nub.
833 4385 869 4420 vs.
888 4371 952 4419 1085
969 4384 1022 4433 sqq.
