3414 5042
858 627 898 688 72

545 825 653 908 ἄνεχε,
679 833 811 909 πάρεχε,
836 830 868 892 τί
891 830 976 904 τάδε
1002 831 1050 904 τίς
1074 832 1090 903 ἡ
1116 832 1269 913 ,iamim

545 955 577 1019 τί
598 955 802 1038 βακχιαζετ’;
824 957 895 1037 οὐχὶ
922 958 1067 1032 Διόνυσος
1090 959 1174 1023 τάδε.

415 1083 562 1148 Profecto
588 1085 621 1148 in
641 1107 695 1150 ore
717 1085 866 1171 Cyclopis
892 1083 1008 1168 „abraxa
1030 1085 1174 1167 ποὶρεχε”
1199 1111 1262 1152 non
1285 1089 1443 1172 signifieat

374 1209 527 1291 „desinite
549 1213 731 1276 oonoedite''
756 1213 807 1278 vel
831 1214 895 1276 tale
919 1213 1005 1297 quid.
1030 1213 1101 1278 Hoe
1125 1217 1151 1279 si
1163 1217 1314 1279 voluisset
1327 1217 1443 1300 plurali

370 1359 503 1409 numero
536 1360 612 1404 usus
645 1341 756 1404 fuisset
791 1340 1056 1425 quemadmodum
1091 1343 1123 1406 in
1158 1365 1252 1406 versu
1275 1344 1441 1427 sequenti:

371 1465 402 1529 τί
424 1463 628 1547 βοοκχεοέζετ’.

414 1593 484 1679 Ego
518 1595 597 1659 mihi
630 1597 676 1660 ita
711 1597 907 1681 persuadeo,
937 1597 1110 1682 Cyclopem
1136 1599 1185 1662 his
1208 1597 1337 1679 verbis,
1362 1619 1443 1682 quae

371 1729 550 1787 extremam
582 1731 694 1788 notent
725 1723 881 1788 laetitiam
905 1724 1152 1810 bacchicamque
1175 1726 1443 1807 exsultationem,

371 1850 485 1915 aoerbe
516 1857 548 1916 et
572 1873 680 1916 amare
702 1859 850 1938 potantes
874 1854 1024 1916 convivas
1048 1854 1272 1936 perstringere.
1296 1851 1444 1935 Namque

371 1998 434 2042 non
458 1983 562 2063 potest
585 1980 700 2064 aliquis
723 2002 795 2044 oum
818 1981 938 2065 majore
962 1988 1146 2065 contemptu
1170 1982 1203 2044 in
1225 1979 1444 2043 adversarium

370 2106 480 2172 invehi
514 2127 611 2192 quam
634 2113 670 2171 ut
694 2108 792 2172 verba
815 2108 930 2194 quibus
955 2110 1009 2172 ille
1032 2115 1087 2172 aut
1111 2130 1187 2171 usus
1210 2113 1258 2171 est
1283 2113 1340 2170 aut
1363 2127 1445 2191 quae

371 2237 441 2320 ejus
463 2236 563 2299 menti
587 2242 618 2300 et
637 2237 743 2300 animo
754 2237 820 2301 iere
832 2238 1024 2301 conveniunt
1035 2287 1042 2318 ,
1055 2225 1278 2300 stridula'vooe
1290 2237 1444 2299 enuntiet.

416 2362 500 2436 Quid
533 2366 628 2429 velim
664 2366 863 2449 aliquantulo
891 2365 1001 2429 leetori
1024 2365 1227 2449 perspicuum
1252 2365 1313 2427 erit
1336 2366 1362 2426 si
1385 2363 1445 2426 sibi

372 2496 447 2554 ante
475 2492 581 2592 oeulos
603 2493 744 2577 posuerit
767 2491 1003 2556 Philoeleonem
1028 2491 1126 2555 Chori
1149 2491 1254 2554 verbis
1278 2513 1323 2554 vs.
1351 2493 1444 2554 1334.

574 2613 662 2699 ἄθρει
686 2618 748 2698 γὰρ
772 2615 881 2696 ἥξομέν
905 2643 939 2682 οε
963 2617 1222 2696 προσκαλούμενοι

371 2748 418 2811 ita
439 2748 683 2833 respondentem

573 2877 601 2956 ἰὴ
631 2877 674 2940 aa
697 2873 918 2952 καλούμενοι.

416 3004 505 3068 Duos
528 3005 562 3067 in
586 3005 690 3090 priore
712 3005 894 3090 Vesperum
916 3010 1007 3090 parte
1031 3003 1198 3067 observavi
1222 3003 1306 3065 loeos
1329 2999 1446 3083 insigni

372 3129 487 3195 mendo
510 3131 701 3197 laborantes

417 3257 623 3323 Orationibus
646 3260 685 3324 de
703 3261 831 3344 judiciis
854 3259 993 3342 habitis,
1017 3259 1189 3344 Bdelyoleo
1211 3257 1295 3342 patri
1317 3275 1446 3340 persua-

374 3385 448 3450 dere
481 3394 623 3471 conatur,
647 3394 683 3452 ut
707 3389 739 3452 in
763 3396 924 3474 posterum
948 3386 1218 3470 domiindulgeat
1240 3383 1341 3447 amori
1362 3380 1446 3464 judi-

373 3515 456 3579 oiali.
481 3515 530 3579 Eo
552 3518 655 3601 magis
678 3519 742 3582 tale
764 3517 931 3580 eonsilium
954 3515 984 3579 ei
1005 3514 1145 3596 arridet,
1169 3533 1267 3598 quum
1281 3531 1447 3575 seeumre-

375 3649 466 3728 putet
499 3664 533 3709 se
565 3644 749 3710 drachmam
779 3643 965 3728 judicialem
999 3644 1101 3707 solum
1130 3663 1198 3705 esse
1221 3645 1446 3725 accepturum,

374 3792 477 3858 neque
504 3773 658 3859 collegam
681 3774 742 3838 sibi
764 3794 855 3858 posse
876 3773 1040 3858 imponere
1062 3768 1328 3855 quemadmodum
1348 3786 1449 3851 nuper

376 3899 551 3966 aoeidisset.
565 3901 597 3984 *)

383 4071 630 4083 -——-.-......—

410 4187 437 4250 ¹}
455 4188 530 4256 Vesp.
547 4207 584 4244 vs.
603 4193 660 4244 787.

568 4296 696 4362 αἴσχιστοι
715 4301 766 4363 γάρ
785 4300 824 4346 rol
843 4296 868 4358 μ’
893 4299 1039 4361 εἰργάσατο
1059 4297 1246 4360 Λυσίστρατος
