3414 5042
773 642 813 702 29

305 845 420 930 Itaque
442 844 521 908 haee
544 843 642 907 ferme
664 844 710 906 rei
733 844 815 907 ratio
840 850 897 907 est.
923 842 999 907 Cleo
1023 841 1141 924 iratus,
1160 841 1245 927 quod
1262 863 1332 906 sen-

262 973 363 1036 tentia
385 993 495 1036 eorum
516 971 572 1055 qui
594 991 706 1054 paoem
729 969 813 1035 bello
836 973 1051 1056 praeferrent,
1078 969 1276 1055 aliquamdiu
1299 970 1332 1034 in

262 1102 390 1166 civitate
412 1100 557 1182 risisset,
581 1119 734 1183 suamque
757 1099 857 1183 ipsius
884 1104 973 1162 ratus
997 1098 1173 1182 potentiam
1196 1097 1230 1160 in
1250 1097 1333 1183 peri·

262 1230 332 1293 oulo
361 1230 428 1293 fore
458 1229 485 1291 si
516 1227 580 1290 tale
603 1225 679 1311 quid
701 1232 918 1307 renovaretur,
942 1245 1071 1311 operam
1094 1225 1180 1289 dedit
1204 1231 1240 1288 ut
1264 1223 1333 1307 ejus

262 1357 383 1421 consilii
408 1361 587 1436 auctorem,
609 1373 744 1439 poenam
766 1354 1010 1438 ignominiosam
1034 1355 1063 1417 ei
1087 1353 1276 1438 infligendo,
1300 1353 1333 1415 in

263 1489 452 1569 perpetuum
475 1505 494 1546 a
516 1483 652 1566 negotiis
674 1481 809 1566 publicis
830 1487 1017 1546 removeret.
1043 1481 1147 1555 Quam
1167 1503 1235 1546 rem
1246 1502 1334 1566 pros·

263 1631 337 1696 pere
360 1611 420 1674 sibi
454 1631 614 1674 cessuram
636 1609 753 1673 bonam
776 1630 864 1694 spem
888 1607 1044 1690 habebat,
1069 1609 1095 1671 si
1118 1607 1246 1692 quidem
1268 1628 1334 1672 oru-

262 1759 335 1819 nes,
367 1738 422 1822 qui
452 1738 486 1800 iu
520 1738 623 1822 prima
645 1737 701 1801 illa
724 1736 926 1822 expeditione
950 1736 1106 1800 Siciliensi
1129 1737 1221 1800 classi
1244 1757 1334 1821 prae-

263 1868 390 1932 fuerant
424 1867 626 1952 popularium
659 1866 740 1929 iram
773 1865 916 1950 experti,
948 1865 1091 1929 damnati
1123 1869 1247 1946 essent,
1271 1885 1335 1928 non

262 2014 326 2078 quo
355 1994 564 2078 gravissima,
589 2015 671 2078 quae
700 2013 809 2057 eorum
839 1994 967 2078 eulpam
1000 1998 1206 2075 testarentur,
1241 2013 1335 2078 argu·

262 2127 370 2186 menta
404 2127 626 2207 suppeterent,
658 2120 713 2186 sed
741 2121 817 2206 quia
847 2142 918 2206 spes
942 2121 1097 2185 fefellerat
1122 2119 1335 2184 Athenienses

263 2250 384 2334 majora
408 2256 571 2335 sperantes
594 2270 691 2335 quam
716 2270 844 2334 sperare
866 2249 994 2315 licebat.
1012 2250 1044 2332 *)

307 2375 411 2440 Avide
433 2377 531 2461 igitur
544 2376 621 2440 Cleo
639 2375 724 2439 huno
742 2381 948 2461 praetextum
960 2377 1096 2462 arripuit
1112 2383 1148 2441 ut
1161 2376 1335 2440 Lachetem

263 2506 368 2589 injus
390 2511 535 2588 voearet,
560 2525 623 2590 quo
646 2504 814 2587 damnato,
839 2505 955 2568 vulnus
977 2503 1128 2568 aoerbum
1151 2504 1189 2568 iis
1213 2504 1336 2588 inflige-

263 2640 361 2717 retur,
384 2634 439 2719 qui
463 2654 540 2719 paee
563 2633 686 2718 patriae
709 2633 845 2696 salutem
867 2631 1074 2716 quaerebant.

308 2761 406 2825 hlisoe
437 2760 582 2824 omnibus
612 2760 777 2845 perpensis
806 2779 866 2823 non
892 2764 940 2823 est
964 2757 1146 2822 mirandum
1170 2758 1255 2843 quod
1277 2759 1336 2823 hoo

264 2889 462 2974 potissimum
494 2894 637 2973 tempore
667 2892 762 2972 po‘e'ta
791 2885 1039 2950 Atheniensium
1062 2886 1201 2950 imorem
1221 2885 1337 2970 judiei-

264 3017 346 3080 alem
366 3017 599 3102 perstrinxerit.
625 3015 647 3080 J
649 3016 753 3080 udioia
764 3014 963 3101 praetoribus
975 3014 1134 3078 intentata
1145 3013 1231 3078 haud
1242 3013 1337 3077 dubie

264 3143 371 3208 odiosa
394 3150 485 3208 erant
509 3165 609 3229 quum
632 3142 843 3228 Aristophani
867 3143 929 3228 ipsi
958 3148 1028 3207 tum
1051 3142 1257 3228 optimatibus
1280 3142 1338 3206 abs

265 3292 400 3356 quorum
423 3271 568 3358 partibus
590 3269 714 3353 stabat;
736 3290 840 3355 neque
862 3269 968 3333 minus
992 3271 1031 3333 iis
1043 3269 1253 3356 displicebant
1266 3272 1338 3334 lites

265 3401 381 3486 quibus
413 3399 554 3485 quotidie
582 3400 705 3464 incolae
733 3397 921 3484 oppidorum
946 3398 1102 3462 Thraciae
1124 3398 1337 3464 terrebantur.

309 3527 533 3602 Quaerendum
555 3550 623 3594 esse
646 3529 725 3594 mihi
748 3529 852 3594 visum
878 3533 943 3609 est,
967 3548 1045 3590 num
1064 3527 1127 3591 alia
1146 3547 1338 3613 quamquae

265 3656 358 3720 modo
381 3655 449 3720 dixi
471 3679 599 3721 oausam
622 3656 873 3742 Aristophanem
895 3676 1022 3720 morere
1048 3655 1203 3740 potuisset
1227 3661 1263 3718 ut
1276 3655 1338 3719 La·

266 3783 366 3848 ohetis
399 3785 588 3870 praesertim
612 3783 769 3868 judicium
790 3785 824 3848 in
851 3785 951 3849 risum
973 3790 1121 3851 verteret.
1146 3783 1268 3848 Notum
1290 3789 1339 3848 est

299 3991 326 4054 ἱ*)
345 3991 423 4042 Thur.
441 3993 487 4043 IV.
505 3995 537 4044 65
555 3995 634 4044 atriu
663 3983 725 4061 δ’ἧν
752 3995 769 4058 ἡ
789 3998 863 4060 παρὰ
885 3995 962 4058 λόγον
979 3996 1030 4044 τῶν
1049 3994 1180 4045 πλειόνων
1199 3994 1338 4060 εὐπραγία

268 4097 363 4155 ustor<
382 4097 550 4149 {saranescum
567 4101 648 4164 ἰσχὺν
666 4106 715 4166 τῆς
729 4101 848 4159 ἐλπίδος.

300 4203 330 4254 of.
347 4203 446 4255 Gilbert
462 4206 577 4272 Beitritgo
594 4221 640 4258 aur
656 4208 743 4258 inuam
760 4207 849 4260 Gasoh.
864 4207 961 4258 Athens
979 4209 1014 4258 im
1031 4207 1148 4258 Zeitslter
1164 4205 1206 4256 dos
1223 4205 1276 4257 Pel.
1293 4205 1339 4257 Kr.

267 4325 291 4374 p.
310 4313 358 4362 196
375 4327 428 4378 sqq.
