3414 5042
771 633 811 693 33

339 836 390 898 καί
415 835 507 910 ξυνὼν
530 832 663 913 Βρασίδα
686 836 739 895 καί
765 838 866 913 Φορῶν
891 816 1051 911 οιροίσστεδα

340 963 530 1040 στεμμοίτων
553 960 607 1032 την
630 959 655 1022 δ’
679 959 794 1035 ὑτηνην
817 957 940 1039 ἄκουρον
966 961 1106 1042 τρὲφυν;

296 1091 438 1155 Tandem
472 1089 642 1174 aliquando
676 1089 847 1174 Bdelycleo
880 1089 985 1154 taedio
1020 1096 1053 1156 et
1074 1092 1124 1156 ira
1146 1100 1322 1160 commotus

251 1219 429 1302 exclamat:

336 1344 374 1414 ὡς
397 1337 518 1406 ἅπανθ’
545 1341 617 1420 ὑμῖν
637 1341 776 1421 τυραννίς
800 1343 866 1407 ἔστι
891 1342 942 1408 καὶ
966 1343 1140 1423 ξυνωμόται

250 1473 395 1557 queritur
417 1471 514 1535 etiam
535 1471 569 1534 in
591 1471 659 1535 foro
682 1470 802 1535 audiri:

336 1590 421 1668 οὗτος
449 1598 575 1674 ὀψωνεῖν
598 1594 675 1676 ἔοιχ’
700 1589 860 1676 ίίνθρωσος
884 1597 935 1664 ἐστὶ
961 1600 1122 1680 τυραννίδι.

249 1730 282 1790 et
315 1726 341 1788 si
374 1726 444 1810 quis
468 1745 598 1810 porrum
618 1731 707 1810 petat
730 1724 771 1789 ad
790 1727 978 1794 condienda·
1001 1750 1102 1815 apuas
1123 1731 1247 1804 clerum
1272 1731 1321 1794 in·

249 1853 358 1916 stitrix
381 1853 464 1916 limis
487 1853 614 1918 intuens
637 1873 678 1916 ex
702 1874 738 1918 eo
762 1855 902 1939 quaerit:

335 1977 402 2042 είτὲ
427 2001 490 2055 μοι,
514 1980 636 2054 νητειον
661 1980 772 2053 αἰτεῖς,
796 1979 921 2061 τίτερον
945 1985 998 2046 ἐστὶ
1018 1984 1188 2069 τυραννίδες

337 2105 354 2179 ἢ
373 2105 501 2187 νομίζεις
523 2105 583 2180 τοὶς
606 2105 745 2181 Ἀθήνας
769 2130 813 2172 σοι
837 2107 940 2190 φέρειν
962 2107 1151 2196 ἡδύσματας

293 2233 376 2300 Tum
411 2235 570 2300 Xanthias
596 2237 700 2301 facere
722 2257 785 2301 non
808 2243 913 2322 potest
936 2239 1014 2324 quin
1037 2240 1115 2324 quid
1137 2239 1321 2326 nuperrime

249 2362 310 2426 sibi
333 2362 481 2427 acciderit
508 2370 650 2428 enarret:

337 2487 421 2566 κοίμέ
446 2490 480 2565 γ’
505 2490 522 2563 ἡ
547 2489 637 2568 σίρνη
660 2488 742 2570 χθὲς
766 2489 952 2558 είσελθίντα
974 2499 1030 2568 τῆς
1052 2491 1253 2572 μεσημβρίας

337 2611 382 2680 ὅτι
406 2617 567 2688 κελητίσαι
592 2616 734 2697 ἰιέλευοη
758 2617 996 2696 ὀξυθυμηθεῖσά
1020 2643 1071 2697 μοι

333 2743 412 2823 ἤρετ’
435 2748 464 2807 ci
485 2745 540 2819 την
563 2745 683 2811 Ἱστσίου
708 2745 908 2826 καθίσταμαι
932 2746 1103 2827 τυραννίδα.

249 2870 349 2938 Plura
382 2875 461 2937 talia
493 2875 634 2960 preferre
669 2875 895 2960 supersedebe;
931 2876 1080 2961 exempla
1112 2874 1211 2939 allate
1240 2872 1318 2938 satis

250 3000 453 3064 cori-oberant
486 3001 703 3065 testimonium
739 3001 935 3088 Thucydidis
968 3003 1008 3068 de
1041 3002 1091 3066 his
1122 2998 1318 3086 temporibus

250 3127 436 3192 scribentis:
471 3126 617 3208 ἐφοβεῖτο
659 3127 673 3191 ὁ
715 3128 807 3206 δῆμον
850 3127 898 3194 uisi
940 3133 994 3196 καί
1029 3126 1137 3192 τοίντιι
1172 3121 1317 3200 ὑσίστυς

251 3252 416 3332 ἐλάμβανε
428 3256 471 3338 *).

293 3382 485 3448 Accedimus
519 3381 560 3448 ad
580 3382 778 3468 splendidam
800 3383 929 3448 fabulae
951 3389 1075 3468 partem
1096 3383 1131 3446 in
1154 3399 1220 3468 qun
1240 3379 1317 3444 Phi·

248 3510 347 3576 locleo
376 3511 512 3576 multem
534 3496 710 3575 orationem
736 3511 893 3574 consumit
915 3509 956 3574 ad
972 3509 1118 3594 judicum
1140 3507 1317 3573 Athenien·

249 3637 331 3700 sium
355 3643 547 3723 potestatam
568 3637 800 3721 celebrandam,
821 3637 905 3702 filius
924 3657 1000 3703 vero
1012 3637 1207 3704 demonstrat
1220 3655 1317 3721 quam

250 3764 338 3828 nulla
372 3785 410 3829 ea
443 3766 506 3829 sint
541 3765 648 3830 omnia
670 3765 786 3850 quibus
809 3771 901 3851 pater
923 3764 1091 3850 superbiae
1114 3764 1228 3849 plenus
1250 3765 1317 3848 gle-

249 3894 360 3958 rictur.
384 3931 426 3940 -

292 4019 464 4106 Bdelycleo
497 4025 533 4084 ut
567 4039 674 4084 secum
709 4017 751 4084 ed
779 4018 939 4105 placidum
961 4017 1131 4083 verborum
1153 4039 1192 4084 ac
1210 4018 1317 4104 dispu-

279 4289 307 4357 *)
325 4291 466 4342 Timavi.
485 4293 523 4342 13.
