3414 5042
918 627 957 688 10

400 830 540 914 satisque
571 829 802 911 Athenienses,
833 829 887 914 qui
909 828 1126 914 0011000οε01
1150 835 1224 892 sunt
1248 851 1362 914 parum
1385 849 1473 893 reve·

400 955 522 1022 renter¹
542 957 580 1023 de
613 958 672 1022 diis
695 959 799 1044 loqui,
821 959 854 1021 in
878 979 974 1021 causa
997 956 1305 1042 llermooopidarum
1328 955 1473 1021 ostende·

399 1092 474 1149 mnt
505 1107 538 1150 se
572 1086 724 1150 acerrime
745 1107 888 1172 premere
913 1105 982 1166 eos,
1008 1085 1064 1170 qui
1089 1085 1170 1149 serio
1192 1085 1346 1149 auderent
1371 1084 1473 1169 digni·

398 1220 499 1278 tatem
522 1220 553 1278 et
574 1215 796 1278 auctoritatem
820 1213 950 1277 deorum
971 1213 1159 1297 minuere.*)
1183 1212 1472 1298 Attamen,quiiu

399 1362 465 1427 rep.
489 1341 652 1427 pollebant
682 1342 743 1406 viri
766 1342 945 1427 principes,
970 1343 1098 1406 voculas
1121 1346 1154 1405 et
1177 1341 1308 1406 dicteria
1332 1340 1472 1406 Comicu-

399 1491 469 1533 ram
501 1492 596 1556 aegre
617 1470 828 1556 perferebant.
853 1470 992 1534 Pericles
1016 1475 1148 1534 conatus
1170 1475 1218 1534 est
1242 1489 1351 1534 eorum
1376 1468 1473 1533 auda·

399 1600 481 1662 ciam
503 1599 675 1684 reprimere
697 1605 729 1664 et
748 1621 805 1685 per
827 1599 943 1663 amicos
956 1597 1208 1663 Atheniensibus
1220 1600 1324 1683 legem
1337 1599 1472 1662 extorsit

399 1747 463 1812 qna
496 1733 609 1812 potitae
643 1727 893 1812 prohibebantur
927 1723 1074 1802 100000οτ1
1113 1725 1280 1808 κωμῳδεῖν.
1313 1726 1377 1790 Ρο0
1408 1732 1472 1790 tres

399 1860 526 1919 tantum
548 1877 647 1919 annos
670 1857 726 1919 illa
748 1857 802 1920 lex
825 1855 945 1940 viguit,
966 1854 1081 1940 quibus
1100 1855 1343 1940 praeterlapsis,
1356 1853 1472 1939 populo

400 1982 530 2048 deliciae
553 2005 629 2048 suae
651 1982 793 2048 redditae
814 1989 897 2048 sunt.
911 1985 947 2067 †)
978 1983 1103 2067 Legum
1116 1983 1251 2047 vinculis
1268 1982 1404 2046 liberata
1423 2003 1472 2046 oo-

399 2112 541 2176 moediae
570 2113 699 2176 licentia
720 2113 753 2175 in
775 2111 842 2176 dies
865 2111 1025 2193 accrevit,
1051 2132 1154 2196 neque
1177 2110 1358 2174 mirandum
1383 2109 1475 2174 Cleo·

400 2260 473 2303 nem
509 2241 557 2302 ira
590 2241 710 2304 victum
745 2239 996 2324 Aristophanem
1018 2239 1051 2302 in
1071 2239 1125 2322 jus
1149 2239 1301 2324 rapuisse.
1325 2237 1473 2323 Namque

399 2373 468 2432 crat
491 2368 698 2454 optimatibus
722 2367 882 2432 comoedia
905 2367 1005 2430 instar
1029 2367 1085 2430 teli
1107 2367 1134 2430 si
1158 2387 1221 2430 non
1241 2367 1346 2431 letalis
1366 2373 1473 2432 tamen

399 2496 582 2560 acutissimi.

443 2624 514 2688 Etsi
548 2645 655 2688 omnes
688 2624 911 2708 intelligebant
946 2624 1049 2687 mulla
1087 2645 1106 2687 a
1141 2622 1250 2688 Poetis
1280 2625 1375 2710 plane
1406 2646 1475 2690 esse

398 2751 473 2815 fieta
506 2753 607 2816 multa
643 2753 780 2837 speciem
814 2757 940 2817 tantum
973 2751 1120 2816 veritatis
1151 2750 1326 2835 exhibere,
1350 2759 1472 2838 specta·

400 2885 484 2944 tores
519 2879 702 2965 gaudebant
731 2881 814 2964 jocis
852 2882 942 2944 salsis
976 2879 1153 2966 tepidisque
1187 2881 1303 2965 quibus
1339 2882 1419 2977 vitia
1441 2888 1473 2945 et

399 3008 532 3072 ridicula
567 3008 780 3094 carpebantur
814 3031 948 3093 eorum,
986 3030 1065 3094 quos
1098 3009 1239 3073 maxime
1276 3009 1472 3095 diligebant,

400 3139 578 3224 quibusque
601 3160 759 3202 summam
784 3140 928 3202 omnium
950 3161 1057 3203 rerum
1080 3138 1176 3202 fidem
1200 3138 1371 3202 habebant.
1393 3138 1414 3202 J
1417 3160 1473 3203 ure

400 3286 445 3332 ao·
476 3267 589 3330 merito
624 3264 771 3331 ridebant
809 3266 959 3331 Cleonem
994 3268 1029 3331 in
1063 3267 1212 3331 concione
1246 3267 1472 3332 vociferantem

366 3557 370 3580 ·'
432 3557 459 3621 a,
486 3556 606 3606 01110010
628 3557 696 3607 Hist.
713 3557 843 3607 011100οο0
859 3556 926 3606 VIII
941 3572 964 3621 0.
983 3559 1039 3606 325.
1056 3557 1108 3606 The
1125 3557 1239 3622 Knigths
1257 3558 1305 3608 and
1325 3559 1366 3608 the
1384 3559 1474 3626 Wasps

400 3661 427 3710 01
448 3662 638 3726 Aristophanes,
664 3665 707 3714 not
730 3666 755 3713 to
772 3664 881 3714 mention
899 3663 971 3712 other
988 3662 1074 3728 plays,
1089 3677 1130 3712 arc
1147 3678 1161 3712 a
1180 3663 1299 3730 standing
1315 3664 1429 3716 evidence
1448 3667 1475 3716 01

400 3783 444 3818 000
461 3767 523 3834 good
541 3770 610 3834 point
627 3770 652 3820 in
670 3769 712 3820 thc
728 3769 851 3820 Athenian
870 3770 1003 3832 character,
1021 3769 1076 3819 that
1090 3769 1150 3834 they
1158 3769 1216 3820 bore
1225 3771 1287 3820 with
1297 3771 1473 3837 good-natured

399 3873 547 3940 indulgence
563 3876 605 3924 the
621 3876 670 3926 full
687 3877 839 3942 outpouring
855 3875 882 3924 01
896 3875 1002 3925 ridicule
1018 3875 1065 3925 and
1085 3891 1143 3926 even
1161 3877 1189 3926 01
1202 3877 1474 3943 calumnyinterwoven

400 3979 463 4028 with
480 3981 501 4029 11
518 3994 582 4044 0000
598 3981 668 4031 those
684 3981 855 4032 democratical
874 3981 1031 4040 insiliutions
1049 3984 1075 4031 to
1092 3982 1174 4032 which
1194 3983 1255 4049 they
1272 3999 1336 4034 were
1353 3983 1475 4049 sincerely

399 4085 521 4136 attached.
668 4155 671 4162 ῃ

433 4193 461 4256 1)
481 4193 511 4244 cf.
522 4193 566 4244 «V.
592 4194 628 4243 Cl.
654 4193 729 4245 Cobet
754 4194 824 4245 Obss.
848 4197 874 4245 10
892 4195 957 4246 Plat.
974 4195 1041 4246 Gom.
1059 4195 1113 4245 Rel.
1130 4211 1153 4263 0.
1172 4199 1187 4246 9
1205 4212 1258 4264 sqq.
1276 4197 1388 4249 Mainake
1406 4197 1474 4248 Hist.

400 4298 460 4351 Crit.
479 4316 502 4368 0.
520 4303 551 4350 39
570 4316 623 4369 sqq.
651 4273 653 4279 Ι
