3414 5042
790 682 827 742 tl

246 885 312 948 dita
334 893 408 948 ante
431 884 555 969 l'espas
580 884 692 967 docta,
717 885 1014 971 Aristophanesque
1037 887 1078 951 ad
1102 908 1172 950 eam
1186 887 1320 972 parodia

249 1014 306 1055 sua
328 994 481 1056 alluserit.

292 1119 446 1185 Attamen
468 1123 500 1184 in
523 1121 583 1185 hac
606 1121 818 1207 explicatione
836 1123 1036 1207 acquiescere
1059 1145 1122 1187 non
1146 1145 1285 1208 possum.

293 1250 437 1334 Apparet
471 1250 554 1312 inter
586 1249 716 1333 eosqui
739 1270 868 1334 operam
893 1250 1048 1315 dederunt
1072 1258 1108 1315 ut
1131 1252 1321 1338 Aristopha-

248 1399 320 1441 nem
357 1379 576 1463 explicarent,
612 1398 676 1440 non
711 1379 897 1460 convenire,
935 1380 1011 1463 quid
1043 1380 1200 1463 significet
1224 1376 1322 1460 ἄνεχε

247 1503 378 1585 πάρεχε.

291 1632 436 1697 Dindorf.
460 1635 572 1697 vertit:
599 1633 753 1714 desinite,
777 1634 948 1698 concedite.

293 1764 424 1826 lticlrter
458 1763 491 1826 in
523 1784 580 1825 sua
610 1762 791 1846 Vesperum
816 1761 953 1826 editione
977 1763 1050 1826 huic
1072 1765 1180 1827 versui
1205 1764 1322 1829 adscri-

248 1893 314 1955 bit:
352 1891 489 1954 Videtur
519 1890 655 1953 formula
678 1891 798 1954 usitata
820 1911 888 1953 esse
913 1891 999 1972 eius,
1022 1892 1078 1975 qui
1101 1893 1240 1976 aliquem
1264 1913 1322 1956 suo

247 2022 314 2084 loeo
338 2020 510 2082 subsistere
528 2018 633 2101 jubet.

291 2149 327 2211 L.
348 2147 464 2232 Seeger
485 2149 542 2210 illa
564 2147 662 2210 verba
688 2147 876 2211 Germanice
899 2147 1017 2212 reddit:
1040 2147 1132 2212 Platz
1145 2149 1203 2214 da!
1218 2148 1322 2214 Packt

247 2277 348 2340 euch!

291 2405 335 2468 Hi
360 2426 469 2469 omnes
493 2407 577 2468 inter
600 2425 668 2468 sese
691 2403 896 2468 dissentiunt.

291 2533 336 2596 Ut
369 2534 479 2597 statim
512 2533 615 2597 dicam
647 2532 724 2617 quid
749 2532 788 2596 de
812 2533 946 2596 istorum
968 2532 1139 2598 verborum
1163 2533 1323 2618 significa·
1404 2611 1408 2620 ¹

248 2662 332 2724 tione
355 2662 506 2744 sentiam,
531 2661 624 2725 oredo
647 2662 818 2725 clamorem
843 2661 997 2724 usitatum
1020 2681 1088 2724 esse
1111 2681 1243 2742 eorum,
1264 2662 1319 2746 qui

248 2790 372 2853 taedam
394 2796 556 2875 gestantes
579 2789 729 2853 bacchica
752 2789 878 2852 ululatu
904 2788 1066 2853 incedunt.

290 2919 460 3003 Objectum
482 2919 581 3004 igitur
605 2918 694 2981 verbi
716 2915 813 2996 ἄνεχε
837 2924 885 2982 est
909 2915 988 2997 tata
1009 2915 1215 3002 quodeodem
1229 2916 1323 2982 modo

247 3047 287 3110 ad
319 3067 445 3127 rocem,
480 3051 599 3124 πάρεχε
634 3046 816 3130 requiritur.
853 3045 962 3108 Simile
988 3046 1173 3130 exemplum
1198 3045 1319 3130 legitur

248 3173 322 3238 Eur.
347 3174 453 3259 Iplrig.
478 3175 554 3238 Aul.
580 3195 626 3238 vs.
647 3177 726 3238 733:

290 3310 331 3364 Κ)
329 3348 534 3366 .......
559 3301 607 3376 πί,-
630 3301 656 3364 δ’
678 3300 854 3380 ἀνασχήσει
879 3300 1011 3383 <eadm

290 3432 362 3508 Ἀρ.
389 3432 448 3506 ἐγὼ
473 3429 597 3509 παρέξω
617 3434 688 3511 φῶς
711 3422 725 3493 ὃ
752 3429 896 3509 νυμφίοις
919 3427 1037 3508 πρέπει.

290 3558 479 3622 Conferatur
503 3559 600 3622 etiam
624 3557 692 3624 Ion.
715 3581 762 3623 vs.
789 3561 869 3622 alo:

368 3681 417 3749 ἵνα
441 3684 577 3766 Βοέιοχιο,ἱ
599 3688 800 3767 ἀμφιπύρους
823 3685 944 3766 ἀνέχον
969 3682 1091 3757 πεύκας

375 3813 515 3892 λαιψηροὶ
539 3813 622 3895 πηδᾷ
645 3812 837 3888 νυκτιπόλοις
860 3809 931 3890 ἅμα
955 3812 1009 3876 σὺν
1032 3811 1191 3892 βάκχαις.

290 3943 504 4007 Revertamur
528 3943 569 4006 ad
595 3942 792 4028 Cyclopas.
818 3945 893 4007 203.

289 4071 415 4135 Silenus
438 4069 611 4156 Satyrique
633 4072 729 4152 vino,
753 4071 840 4156 quod
851 4070 984 4155 Ulysses
998 4068 1144 4155 praebuit
1157 4068 1317 4152 inebriati,

247 4220 361 4284 magno
383 4199 520 4263 clamore
542 4198 742 4264 hilaritatem
766 4199 959 4284 significant.
987 4196 1130 4262 Advenit
1156 4195 1319 4284 Polyphe-

247 4351 315 4392 mus
339 4329 504 4412 iratusque
528 4329 705 4395 exclamat:
