3414 5042
881 663 922 722 2s

367 889 424 932 suo
456 867 555 952 ipsius
588 865 741 930 beneficio
772 863 955 928 adhibuisse
967 864 1011 946 *).
1045 862 1223 928 Absolutus
1252 872 1360 928 autem
1391 872 1439 929 est

366 994 546 1058 testimonio
569 993 745 1077 quaestoris
769 992 875 1055 amaia
896 997 1075 1075 praetorem
1099 1012 1181 1075 quae
1206 999 1371 1078 acceperat
1399 991 1440 1056 od

367 1122 484 1185 milites
507 1119 718 1185 sublevandos
740 1120 950 1183 consumsisse
972 1119 1162 1182 affirmantis
1175 1120 1222 1201 †).

413 1247 466 1312 Ex
499 1254 607 1312 nostra
640 1244 801 1312 comoedia
834 1246 971 1310 efficitur
1000 1246 1151 1310 Lachetis
1174 1268 1303 1311 causam
1326 1247 1440 1330 dijudi-

368 1383 473 1441 catam
506 1396 574 1439 esse
608 1375 715 1460 paullo
749 1379 823 1437 ante
857 1394 953 1458 quam
977 1373 1105 1458 Vespae
1129 1395 1241 1438 scenae
1264 1377 1440 1440 committe·

368 1510 488 1568 rentur.
526 1502 617 1576 Quod
650 1501 729 1564 milri
752 1506 864 1565 notatu
886 1500 1107 1585 dignissimum
1131 1501 1266 1565 videtur.
1291 1501 1441 1567 Exeunte

368 1653 451 1696 anno
473 1634 536 1694 426
559 1628 763 1715 Pythodorus
786 1630 814 1691 ei
838 1628 977 1692 succedit
1002 1635 1033 1691 et
1056 1651 1114 1714 pro
1137 1635 1222 1693 certo
1234 1651 1358 1694 sumere
1371 1652 1440 1716 pos·

367 1780 477 1823 sumus
499 1756 673 1822 Lachetem
697 1757 805 1841 paullo
828 1761 915 1840 post,
929 1757 1099 1821 atterebat
1113 1759 1306 1822 consuetudo
1319 1809 1326 1841 ,
1339 1758 1440 1824 Athe-

367 1908 425 1949 nas
459 1907 492 1948 se
522 1885 692 1948 contulisse
722 1890 757 1947 ut
789 1905 864 1947 suae
895 1883 1090 1962 caparam,-
1122 1886 1261 1950 rationes
1284 1887 1439 1951 redderet.

370 2011 461 2084 Quod
494 2012 607 2076 melius
635 2010 722 2074 haud
753 2010 847 2074 dubie
878 2011 907 2073 ei
931 2014 1081 2076 successit
1104 2033 1201 2098 quam
1226 2014 1264 2076 iis
1290 2015 1345 2098 qui
1369 2021 1440 2099 post

368 2159 441 2205 eum
477 2141 511 2202 iu
546 2138 654 2202 Sicilia
688 2159 845 2202 summam
875 2139 1001 2224 imperii
1024 2141 1194 2223 tenebant,
1217 2139 1438 2230 Pythodorus‚

369 2265 591 2354 Eurymedon,
634 2235 814 2350 Sophocles.
866 2265 1015 2352 Namque
1059 2269 1168 2332 statim
1205 2275 1374 2354 postquam
1407 2271 1440 2333 in

368 2397 506 2483 patriam
528 2394 690 2459 redierunt
714 2394 761 2456 illi
785 2379 926 2459 damnati
950 2403 1024 2460 suut
1043 2397 1337 2482 ejusdemcriminis
1350 2400 1440 2483 cujus

367 2529 477 2609 postea
500 2522 625 2586 Laches
647 2521 866 2586 accusabatur.

412 2651 476 2715 Hic
497 2650 576 2714 mihi
599 2649 693 2733 objici
712 2654 817 2734 potest
828 2649 1002 2716 Lachetem
1015 2660 1085 2738 post
1098 2653 1234 2717 reditum
1246 2655 1290 2716 im
1303 2655 1440 2740 patriam

368 2779 496 2864 quidem
530 2799 598 2842 esse
631 2783 832 2859 accusatum,
868 2779 937 2861 ejus
966 2781 1123 2864 judicium
1146 2787 1254 2845 autem
1277 2780 1440 2866 usquead

367 2929 487 2972 anuum
513 2909 576 2972 423
601 2927 670 2971 esse
688 2911 897 2990 protractum.

411 3036 497 3099 Huic
519 3035 658 3120 primum
680 3039 838 3118 repugnat
861 3033 946 3118 quod
968 3035 1107 3120 collegae
1129 3037 1215 3120 ejus,
1239 3038 1329 3100 nulla
1351 3057 1440 3101 mora

366 3164 570 3250 interposita,
595 3183 698 3248 poena
724 3168 798 3226 sunt
821 3162 947 3245 afflicti,
971 3161 1083 3227 deinde
1105 3163 1281 3228 Lachetem
1299 3163 1439 3227 nondum

366 3294 532 3380 peculatus
562 3292 702 3356 criminis
731 3291 928 3372 absolutum,
959 3296 1068 3356 tantae
1097 3293 1194 3356 fuisse
1222 3294 1437 3375 auctoritatis,

366 3427 403 3484 ut
427 3421 513 3507 pacis
537 3441 645 3484 suasor
668 3421 821 3483 exsistere
845 3420 984 3504 potuerit
1007 3441 1070 3483 nou
1094 3419 1290 3484 crediderim.

399 3607 425 3673 l)
444 3608 481 3656 Ne
494 3607 572 3672 judex
588 3606 704 3656 Labetem
721 3605 832 3656 absolvat
847 3604 969 3657 Xanthias
987 3608 1121 3658 exclamat:

563 3715 612 3781 Mo}
632 3721 681 3765 airu
701 3718 783 3782 darit’
802 3716 843 3768 ἔτ’
868 3718 970 3776 αὐτον,
990 3715 1022 3772 ὡς
1040 3714 1095 3765 ἔνι’
1114 3702 1146 3764 αὖ
1166 3715 1235 3764 πολὺ

564 3824 646 3870 κυνῶν
664 3821 791 3888 ῥιψάντων
808 3821 898 3888 ἄνδρα
914 3824 1162 3886 pior-oportunum,

563 3929 634 3986 ὅστις
651 3931 836 3995 περικλείσας
855 3933 905 3994 τὴν
925 3927 1011 3979 eruta
1030 3930 1056 3977 lo
1075 3929 1163 3995 κὺκλῳ

562 4039 589 4088 in
609 4036 660 4088 τῶν
676 4037 784 4088 πόλεων
803 4037 834 4085 τὸ
853 4045 942 4101 σκῖρον
960 4036 1131 4103 ἐξεδήδοκεν.

399 4141 427 4207 †)
447 4143 521 4208 Vesp.
537 4159 573 4196 vs.
591 4147 640 4195 964
657 4143 804 4209 Bdelycleon
822 4142 869 4191 tali
887 4142 958 4192 modo
975 4143 1087 4193 radulam
1105 4143 1259 4207 alloquitur:

701 4253 733 4299 ’σὺ
753 4251 804 4312 γὰρ
823 4248 979 4308 ταμιεὺοιισ’
998 4248 1103 4313 ἔτυχες.

369 4355 396 4402 la
411 4354 456 4404 har
472 4357 583 4419 paroedia
598 4357 685 4406 ralula
700 4357 781 4421 igitur
789 4357 926 4418 quaestoris
937 4355 1050 4419 pmtibus
1060 4351 1182 4419 fungitur.
1194 4354 1223 4402 cf.
1234 4353 1311 4402 Thur.
1321 4352 1371 4400 Ill.
1382 4354 1438 4404 115.
