3414 5042
925 624 943 682 6

392 823 571 911 Hyperboli
604 826 736 910 stirpem
770 825 966 910 perstringit.
998 824 1051 888 Ex
1082 823 1210 888 Thesm.
1234 847 1281 888 vs.
1307 827 1369 888 839
1396 846 1464 909 sqq.

391 951 527 1018 dilucide
560 958 693 1038 apparet
727 951 907 1038 Hyperboli
940 959 1075 1016 matrem
1107 953 1203 1017 luisse
1234 953 1336 1016 civem
1362 951 1463 1016 Athe-

391 1081 554 1164 niensem,
588 1101 691 1166 neque
725 1079 883 1144 Andocidi
916 1081 1129 1162 credendum,
1164 1101 1260 1165 quem
1286 1079 1466 1144 Scholiasta

391 1210 468 1274 facit
498 1215 728 1295 exponentem,
762 1208 940 1294 Demagogi
974 1215 1099 1294 patrem
1127 1209 1224 1273 fuisse
1258 1228 1385 1272 servum
1409 1228 1467 1292 pu·

392 1338 522 1403 blicum.
542 1336 574 1420 *)

437 1462 508 1537 Quo
530 1464 643 1529 melius
666 1462 812 1528 videatur
835 1485 991 1549 quaenam
1016 1462 1094 1527 fides
1117 1461 1271 1547 ejusmodi
1294 1463 1466 1526 criminati·

392 1592 506 1656 onibus
540 1592 710 1656 tribuenda
746 1592 807 1674 sit,
838 1593 933 1675 juvat
967 1613 1069 1676 pauca
1099 1612 1285 1677 componere
1310 1612 1327 1654 e
1350 1590 1466 1675 q'uibns

392 1721 522 1804 colligas
556 1740 652 1804 quam
686 1740 779 1805 saepe
812 1718 891 1783 illud
917 1718 1091 1801 „barbare”
1117 1719 1331 1784 Athenienses
1356 1720 1389 1781 in
1413 1739 1467 1782 ore

393 1847 536 1912 solebant
559 1867 679 1932 gerere.

437 1975 477 2040 In
512 1975 609 2061 Soph.
644 1975 745 2060 Ajace
779 1997 825 2040 vs.
865 1979 947 2040 1262
983 1975 1207 2060 Agamemnon
1237 1977 1283 2040 ita
1307 1977 1467 2042 Teucrum

394 2103 585 2189 alloquitur:

567 2233 620 2294 σοῦ
644 2229 707 2308 γὰρ
729 2229 873 2308 λέγοντος
898 2229 1038 2296 οὐκέτ’ἂν
1063 2230 1200 2308 μάθοιμ’
1224 2228 1298 2308 ἐγώ,

569 2359 624 2432 τὴν
646 2358 806 2440 βάρβαρον
829 2360 891 2440 γὰρ
915 2366 1064 2439 γλῶσσαν
1087 2362 1140 2425 οὐκ
1163 2361 1272 2424 ἐπαΐω.

437 2486 559 2552 Teucer
594 2508 788 2573 quamquam
821 2509 839 2552 e
870 2490 937 2553 filia
962 2490 1187 2554 Laomedontis
1209 2496 1305 2554 natus
1328 2488 1467 2554 habebat

393 2621 517 2699 patrem
542 2614 701 2680 Graecum
723 2623 754 2680 ot
779 2618 812 2680 in
836 2616 972 2682 Graecia
994 2619 1095 2683 vitam
1117 2618 1258 2703 degerat.

437 2742 532 2808 Plato
554 2744 685 2828 Proteg.
716 2767 747 2830 p.
772 2748 832 2809 341
858 2745 964 2810 'Anat
987 2746 1020 2810 τί
1042 2731 1113 2825 cicc,
1138 2713 1218 2826 ἔφη,
1245 2744 1349 2822 λέγειν
1366 2753 1467 2820 Σιμω-

393 2869 471 2944 νίδην
491 2871 571 2936 ἄλλο
591 2869 608 2946 ἢ
631 2879 719 2936 τοῦτο
739 2871 790 2935 καὶ
816 2873 965 2954 ὀνειδίζειν
985 2874 1027 2953 τῷ
1050 2868 1259 2955 Πιττάκῳὸτι
1272 2871 1314 2936 τὰ
1327 2871 1467 2948 dudam

392 2997 446 3061 oda
480 2999 635 3072 ἠπίστατο
665 2998 760 3079 ὀρθῶς
781 3001 918 3082 διαιρεῖν
941 2997 999 3065 ἅτε
1031 3001 1165 3079 Λέσβιος
1190 3000 1227 3064 ὢν
1253 2999 1305 3064 nai
1327 3001 1357 3062 ἐν
1380 3004 1466 3081 φωνῇ

391 3125 547 3211 βαρβάρῳ
568 3127 806 3214 ‘rodmundum

436 3257 582 3343 Apparet
615 3259 714 3343 igitur
748 3258 943 3323 Simonidem
974 3259 1138 3324 Pittacum
1161 3260 1360 3343 vituperasse
1383 3254 1468 3341 quod

392 3387 521 3450 nomina
556 3392 642 3452 recte
675 3386 872 3472 distinguere
903 3388 1060 3469 nesciret,
1097 3393 1210 3473 utpote
1243 3387 1298 3470 qui
1333 3384 1467 3448 Lesbius

393 3521 475 3579 esset
500 3521 532 3578 et
553 3491 592 3578 in
609 3534 752 3579 sermone
773 3514 910 3579 barbaro
934 3514 1097 3579 educatus.

436 3640 534 3706 Forte
567 3642 695 3706 fortuna
729 3641 849 3706 Sextus
881 3642 1061 3728 Empiricos
1097 3642 1315 3706 diversitatem
1339 3641 1468 3724 linguae

392 3769 639 3835 Atheniensium
672 3770 891 3835 demonstrans
925 3772 1066 3836 incertae
1090 3771 1316 3856 Aristophanis
1340 3769 1468 3833 fabulae

424 3957 451 4023 ἢ
479 3959 560 4010 Schol.
582 3960 614 4011 ud
631 3961 705 4025 Vesp.
731 3963 802 4012 1007.
829 3961 997 4026 Ἀνδοκίδης
1013 3962 1076 4025 φησὶ
1096 3965 1188 4010 roardo
1211 3938 1467 4024 napi‘l'rrpssdlou

393 4067 480 4130 atym
498 4067 674 4130 αἰσχύνομαι.
693 4055 724 4117 οὗ
743 4068 757 4116 ὁ
776 4065 824 4128 μὶν
842 4070 934 4132 πατὴρ
943 4067 1200 4131 locaratsccs'mnt
1212 4071 1261 4116 νῦν
1272 4066 1299 4114 dv
1313 4067 1348 4115 ιῶ
1359 4066 1469 4130 ἀργυρο-

393 4177 493 4239 norma)
520 4174 648 4226 coartata
675 4177 712 4242 τῷ
740 4174 875 4240 δημοσίῳ,
902 4173 936 4233 ὥς
954 4173 983 4222 di
1002 4175 1074 4233 ξένος
1092 4174 1128 4224 ὣν
1149 4175 1195 4222 καὶ
1214 4175 1357 4238 βάρβαρος
1377 4172 1470 4235 λυχνο-

392 4288 473 4330 a‘out.
491 4281 527 4330 De
544 4280 675 4331 Oratoruur
693 4280 740 4330 ilde
758 4295 804 4330 non
822 4281 930 4330 arbitror
946 4296 1093 4345 quemquam
1111 4280 1240 4345 magnilica
1257 4293 1395 4328 sensurum.
