3414 5042
388 836 517 901 tationis
548 842 708 900 certamen
731 833 979 899 descendatt
923 837 979 918 pat
981 832 1008 896 ri
1031 831 1216 918 persuadet,
1239 833 1327 917 quiJ
1313 833 1383 916 jam
1407 854 1457 896 ra·

387 969 439 1027 tus
463 963 629 1028 victoriam
652 961 713 1026 eibi
734 981 803 1026 esee
826 968 946 1026 certam
968 958 1111 1045 gladium
1133 959 1241 1024 afferri
1260 959 1370 1042 jubet:

452 1089 486 1165 ἢν
509 1088 571 1170 γὰρ
594 1087 723 1162 ἡττηθῶ
747 1086 848 1163 λέγων
871 1111 923 1152 σου
950 1094 1172 1166 περιπεσοῦμαι
1196 1086 1238 1165 τῷ
1261 1085 1358 1168 ξίφει.

388 1217 467 1284 Mox
489 1225 598 1285 autem
620 1219 761 1284 subitot
748 1217 861 1282 timore
884 1222 957 1301 capt
959 1238 996 1280 ue
1017 1237 1058 1279 ex
1083 1215 1179 1280 choro
1201 1215 1342 1300 quaerit:

451 1346 483 1411 ri
506 1344 569 1426 γὰρ
590 1343 712 1426 φάθ’
697 1350 786 1423 ημεῖς
812 1341 845 1417 ἢν
869 1343 913 1407 ddi
936 1365 977 1420 με
1001 1350 1046 1408 τῶ
1069 1341 1153 1422 ὶὸγῳ
1178 1340 1332 1424 κρατήσῃ
1402 1397 1407 1410 ,

430 1472 477 1538 Αι
501 1473 629 1538 senibus
652 1473 766 1538 odhort
754 1480 824 1538 ttnn
811 1473 896 1537 tibus
919 1472 965 1534 ita
986 1471 1100 1555 loqui
1092 1470 1219 1556 mcipit:

430 1603 484 1662 nal
510 1604 572 1680 μὴν
594 1598 690 1671 εὐθύς
714 1602 747 1676 γ’
768 1600 815 1664 ἀπ
817 1597 1017 1675 cecanum
1038 1594 1104 1675 περὶ
1124 1596 1229 1674 τῆςαὶρ
1216 1602 1292 1676 ρχῆς
1306 1593 1454 1671 ἀποδείξω

431 1734 487 1801 τῆς
511 1727 623 1808 ἡμετέρ
625 1751 662 1800 αις
687 1729 724 1798 ὥς
749 1727 893 1804 οὐδεμιᾶς
918 1721 1015 1799 ἥττων
1039 1723 1119 1788 ἐστὶν
1143 1723 1323 1800 βασιλείαν

429 1853 515 1920 Fuso
549 1863 581 1921 et
615 1857 739 1942 copiose
774 1854 884 1919 laudat
871 1853 1080 1937 tjudicandi
1115 1873 1240 1917 munus.
1270 1852 1454 1916 Vixdume

386 1984 503 2047 lectulo
524 1983 581 2047 ubi
604 1983 743 2049 surrexit
767 1978 872 2060 ἄνδρες
896 1978 1032 2059 μεγάλοι
1055 1978 1108 2043 aa}
1132 1979 1344 2060 τετραπήχει,
1365 2001 1455 2045 suam

387 2109 559 2194 implorant
546 2111 842 2192 tmisericordiam3
855 2110 954 2175 dicast
942 2110 1058 2174 terium
1070 2130 1241 2194 ingressus,
1253 2109 1333 2173 mhrl
1346 2129 1454 2172 eorum

391 2235 468 2299 facit
504 2249 585 2324 quae
608 2237 728 2322 pollicit
730 2258 767 2300 us
792 2243 860 2318 est,
885 2235 939 2300 sed
961 2235 1096 2300 delectat
1083 2241 1135 2299 tur
1161 2257 1287 2299 reorum
1309 2234 1454 2320 precibus

387 2369 419 2427 et
442 2363 584 2427 artificiis
607 2364 723 2449 quibus
740 2363 885 2448 judicum
905 2364 1048 2428 animum
1066 2363 1165 2427 lenire
1187 2361 1326 2426 student.
1348 2361 1455 2425 Nimia

388 2489 438 2552 sui
461 2489 629 2554 confident
606 2495 652 2554 tra
676 2490 739 2554 ciat
727 2496 778 2553 tus
801 2492 976 2555 exclamat:

385 2608 433 2694 d'p
461 2616 494 2680 οὐ
514 2615 643 2693 μεγάλη
667 2618 750 2681 τοῦτ
777 2614 886 2680 ἔστἀι
865 2616 949 2696 ἀρχὴ
969 2613 1022 2678 aul
1042 2638 1094 2680 του
1117 2612 1252 2678 πλούτου
1277 2614 1455 2699 καταχήνης

386 2743 511 2808 Deinde
545 2747 676 2830 exponit
663 2745 826 2810 theliost
814 2750 862 2810 tao
891 2743 932 2808 ad
956 2745 1123 2808 arbit'trrum
1148 2749 1339 2808 testamenta
1364 2765 1455 2829 posse

385 2870 582 2954 rescindere,
626 2873 744 2958 qnippe
790 2873 846 2957 qui
886 2869 1089 2935 ἀνυπεύθυνοι
1131 2872 1215 2954 sint,
1255 2878 1382 2936 enarrat
1422 2878 1454 2936 et

386 3004 583 3063 senatumt
552 3006 583 3063 et
579 3001 782 3086 populum
774 3022 806 3064 m
830 3001 936 3084 oognit
938 3001 1009 3064 ione
1025 3000 1158 3083 alicujus
1171 2999 1455 3064 oriminishaemn-

387 3129 454 3207 tes,
488 3146 558 3190 reos
592 3125 632 3190 ad
663 3127 815 3192 heliaetce
846 3126 1035 3210 amandare3
1059 3125 1341 3211 gloriatnr1psum
1366 3126 1454 3190 Oleo·
1481 3099 1487 3120 Ι

386 3271 460 3316 nem
483 3273 607 3317 summa
629 3253 807 3319 observant
786 3261 831 3318 tra
853 3275 977 3318 muscas
1002 3254 1087 3317 ab''
1067 3253 1264 3338 risabigere,
1277 3253 1454 3318 Theornm·

386 3399 448 3463 que
481 3400 518 3444 eo
547 3379 736 3445 descendere
763 3388 800 3444 ut
825 3402 934 3446 eorum
957 3383 1059 3448 calces
1082 3381 1274 3466 abstergeat.
1300 3381 1363 3446 seu
1385 3381 1454 3444 dnl-

386 3505 547 3574 cisaimum
583 3507 725 3571 omnium
745 3509 774 3572 ei
798 3514 846 3600 est
869 3509 1024 3572 famosum
1046 3508 1126 3571 illud
1147 3507 1336 3591 triobolum,
1361 3529 1453 3594 prop·

385 3636 434 3695 ter
465 3632 550 3718 quod
578 3641 714 3699 uxorei
739 3643 838 3720 gnata
860 3635 988 3700 domum
1011 3641 1223 3700 revertentem
1247 3635 1362 3700 blande
1387 3635 1454 3699 offi-

387 3757 533 3844 cioseque
555 3761 722 3847 recipiunt.
747 3761 870 3836 Quibus
894 3764 1040 3827 omnibus
1060 3764 1334 3849 perpensisjudex
1347 3773 1454 3831 censet

386 3907 479 3950 auum
502 3889 671 3973 imperium
689 3911 753 3954 non
776 3891 907 3955 inferius
926 3912 994 3955 esse
1013 3890 1104 3955 Jovis
1126 3913 1234 3976 regno.

430 4013 504 4078 Hac
536 4017 678 4080 oratione
710 4016 820 4081 audito
853 4019 984 4084 summis
1017 4018 1164 4083 laudibus
1199 4019 1322 4084 Chorus
1345 4020 1453 4086 Philo·

387 4142 529 4207 oleonem
562 4143 675 4228 effert,
711 4145 766 4230 qui
789 4166 921 4230 magnos
945 4147 1075 4232 spiritus
1099 4167 1212 4230 gerens
1233 4148 1454 4232 antagonistae

383 4271 566 4348 minitatur:

922 617 1667 1947 *l
