3414 5042
908 677 948 736 38

419 881 520 946 teneri
546 885 582 945 ut
605 880 707 966 magis
730 879 860 944 obnoxii
881 879 945 942 sint
969 877 1162 963 Demagogis
1186 899 1359 962 eorumque
1387 879 1493 942 inimi·

423 1030 476 1074 eos
497 1007 571 1074 dato
593 1008 684 1094 signo
706 1009 867 1072 infestent.

466 1134 604 1200 Difficile
635 1142 717 1200 esset
751 1135 889 1220 reperire
919 1134 1003 1220 quod
1032 1135 1185 1218 majorem
1219 1132 1372 1197 invidiam
1399 1155 1492 1218 pare·

423 1267 472 1327 ret
495 1262 704 1348 Demagogis3
727 1283 764 1325 ao
786 1262 927 1346 profeoto
950 1261 1163 1327 Athenienses
1185 1262 1219 1325 in
1241 1260 1367 1325 theatro
1383 1260 1493 1325 seden-

423 1393 490 1470 tes,
514 1388 568 1474 qui
592 1387 633 1452 ad
654 1389 739 1453 huno
761 1409 861 1473 usque
889 1387 973 1452 diem
994 1389 1152 1474 putabant
1175 1409 1208 1453 se
1231 1388 1272 1452 ad
1295 1405 1388 1452 suum
1408 1387 1493 1452 arbi·

424 1515 522 1580 trium
541 1516 647 1580 omnia
671 1537 781 1602 gerere
804 1538 877 1580 oum
899 1537 1017 1600 magna
1042 1536 1100 1579 sua
1121 1515 1292 1579 offensione
1310 1515 1493 1579 audiverint

424 1663 551 1708 neeesse
574 1649 640 1726 est,
662 1645 765 1728 speeie
776 1642 996 1708 tantummodo
1007 1663 1040 1707 se
1052 1663 1124 1707 oum
1136 1647 1293 1727 potestate
1305 1642 1425 1706 versari
1438 1690 1445 1723 ‚
1459 1647 1493 1704 at

424 1791 459 1836 re
493 1772 562 1857 ipsa
592 1792 611 1834 a
644 1770 838 1856 Demagogia
861 1771 933 1835 duoi
956 1775 991 1834 ut
1018 1769 1142 1850 „nervis
1165 1768 1276 1832 alienis
1295 1768 1411 1832 mobile
1434 1769 1493 1852 lig-

424 1899 533 1963 num.'’
573 1895 722 1983 Namque
764 1899 850 1963 omni
880 1905 1022 1982 tempore
1056 1897 1196 1980 graviter
1229 1915 1268 1960 ea
1302 1901 1492 1980 argumenta

425 2029 623 2106 commouent
652 2025 774 2089 animos
807 2025 993 2107 hominurn,
1028 2045 1109 2109 quae
1140 2023 1181 2087 ad
1212 2045 1279 2087 rem
1302 2023 1493 2088 familiarem

424 2157 457 2217 et
478 2172 619 2216 amorem
642 2152 690 2217 sui
713 2157 868 2238 spectant.

468 2277 540 2343 Hae
572 2280 695 2344 ratione
728 2279 961 2365 Aristophanes
985 2283 1095 2364 aperte
1118 2276 1278 2360 ostendit,
1303 2278 1387 2362 quod
1409 2279 1492 2361 inju-

425 2405 473 2470 rie
508 2413 671 2491 praetores
705 2412 737 2471 et
768 2407 843 2471 sooii
866 2412 1053 2472 accusentur
1075 2412 1107 2470 et
1120 2405 1318 2489 ¹plerumque
1342 2404 1492 2468 damnon-

425 2539 499 2615 tur,
526 2533 559 2597 id
581 2555 614 2598 ee
638 2534 766 2619 quidem
783 2533 892 2616 judioe
913 2534 1030 2618 populo
1053 2532 1300 2597 Atheniensium
1324 2554 1392 2597 esse
1404 2534 1493 2618 igno·

425 2660 593 2744 scendum,
629 2661 703 2724 solis
737 2681 848 2724 verum
882 2659 1076 2745 Demagogis
1099 2660 1325 2743 tribuendum,
1352 2661 1493 2746 speciosa

425 2788 567 2852 oratione
590 2787 674 2850 oivee
696 2786 915 2852 incitantibus.
938 2785 1111 2850 Praeterea
1129 2787 1163 2849 in
1180 2786 1383 2872 Demagogos
1403 2808 1494 2872 prae-

425 2913 547 2979 toribus
570 2914 660 2978 litem
683 2914 900 2997 intendentes,
923 2914 1007 3000 quod
1018 2915 1186 3000 pecuniam
1198 2914 1238 2978 ad
1249 2915 1388 2978 militum
1400 2937 1495 2979 usum

425 3023 623 3126 designatam
656 3041 716 3106 sibi
752 3039 925 3129 arripiant,
956 3042 1036 3106 illud
1058 3042 1163 3127 ipsum
1186 3043 1306 3106 crimen
1329 3046 1494 3127 retorquet

425 3190 498 3234 oum
532 3174 643 3254 aperte
677 3168 839 3234 contendit
873 3169 944 3234 illos
973 3169 1174 3255 impudenter
1198 3169 1368 3254 pecuniam
1389 3169 1494 3254 publi·

426 3317 498 3362 oam
521 3297 630 3361 iurari.
726 3299 730 3309 '

469 3421 544 3487 Alio
566 3424 635 3488 looo
659 3423 792 3489 eandem
816 3425 932 3510 repetit
952 3425 1195 3489 accusationem.
1211 3423 1309 3489 Senes
1323 3424 1495 3510 exquibus

425 3549 607 3635 Vesperum
644 3549 768 3615 Chorus
802 3556 946 3635 constat,
976 3551 1016 3616 de
1033 3573 1066 3617 ae
1087 3552 1271 3638 praedicant
1296 3551 1380 3637 quod
1405 3550 1494 3615 forti·

426 3683 475 3742 ter
502 3698 559 3763 pro
581 3678 645 3742 aris
667 3682 699 3742 et
721 3679 799 3744 foois
821 3679 1045 3764 pugnaverint.

810 3805 885 3878 ἡνίκ’
909 3799 983 3879 ἦλθ’
1006 3806 1019 3870 ὅ
1039 3804 1210 3887 βάρβαρος,

468 3938 515 4022 τῷ
538 3939 647 4023 κοονννῷ
667 3929 774 4014 τύφων
796 3927 927 3998 trauan
950 3934 1004 4008 τὴν
1029 3932 1116 3998 πόλιν
1140 3937 1194 3998 aas
1218 3935 1392 4013 πυρπολῶν.

428 4058 497 4124 Neo
531 4066 639 4126 autem
672 4067 781 4128 tantae
813 4064 942 4128 virtutis
964 4063 1141 4149 praemium
1164 4085 1198 4130 se
1220 4083 1288 4128 esee
1310 4067 1495 4130 consecutos

428 4195 682 4274 conqueruntur:

871 4327 1030 4398 τονγοοοοῑν
1054 4333 1113 4384 πον.
1139 4360 1180 4368 -
