3414 5042
885 657 924 718 76

469 856 571 924 odacar
595 861 710 938 ἐρήμοις
735 856 808 940 ᾤεθ’
831 852 917 932 οὗτος
940 859 1045 940 ῥᾳδίως
1068 858 1244 938 spondaeus

468 995 574 1061 naaria·
596 985 659 1066 yla
683 987 761 1068 ᾔδειν
786 987 824 1060 ὠς
848 988 908 1063 ἐγὼ
933 985 1035 1072 ταύτῃ
1061 989 1226 1066 xpectand-
1251 990 1325 1067 εἶμι.

415 1112 555 1196 Omnes,
592 1113 676 1198 quod
705 1115 824 1196 sciam,
859 1113 917 1178 hos
948 1135 1058 1178 versus
1092 1117 1149 1180 tali
1173 1118 1240 1182 iore
1261 1117 1353 1182 modo
1372 1139 1441 1181 ver·

366 1248 458 1306 tunt:
505 1243 615 1326 ,Non3
658 1265 769 1308 verum
813 1245 867 1308 ille
900 1244 1049 1329 sperabat
1083 1244 1224 1311 desertas
1260 1248 1369 1311 vineas
1404 1269 1437 1312 ae

365 1371 655 1454 vindemiatorum
691 1371 789 1457 probe
826 1372 912 1436 enim
943 1377 1036 1436 norat
1070 1393 1121 1437 me
1155 1373 1215 1439 hac
1249 1382 1318 1440 arte
1340 1376 1439 1460 pluri-

367 1521 454 1564 mum
477 1484 616 1565 valerel'

409 1628 626 1693 Vehementer
661 1629 757 1692 miror
787 1629 947 1692 neminem
982 1628 1086 1693 adhuc
1121 1629 1236 1694 haecce
1260 1629 1437 1695 offendisse.

367 1754 478 1828 Quid?
513 1755 684 1840 Bdclycleo
718 1757 916 1819 existimaret
950 1757 1076 1820 facilem
1111 1779 1144 1822 ae
1177 1759 1344 1822 victoriam
1370 1780 1437 1823 esse

366 1889 602 1968 reportaturum
627 1883 703 1968 quia
724 1890 817 1947 norat
840 1890 964 1969 patrem
991 1885 1128 1949 multum
1151 1885 1283 1950 dicendo
1307 1886 1429 1950 valere!

367 2012 492 2096 Nugae.
529 2011 784 2094 Grammaticus,
819 2033 859 2076 ne
893 2034 939 2076 vs.
975 2015 1059 2090 530,
1094 2035 1190 2097 quem
1225 2013 1435 2100 Aristophani

365 2141 580 2225 imposuerat,
616 2139 877 2226 Antistrophicus
911 2140 1034 2204 deesset
1066 2140 1235 2205 ridiculum
1257 2142 1343 2206 hunc
1365 2163 1436 2206 ver·

371 2291 441 2333 sum
464 2269 606 2332 inseruit.

411 2397 481 2460 Hoc
505 2396 650 2460 addatur.

408 2524 508 2586 Velut
541 2525 622 2587 alter
657 2525 790 2609 Ulysscs
814 2523 977 2588 Philocleo
1001 2525 1106 2588 ventri
1130 2524 1211 2588 asini
1234 2524 1368 2589 firmiter
1389 2525 1436 2588 in·

365 2651 594 2716 haerescense
629 2651 721 2716 domo
756 2652 814 2715 filii
849 2651 985 2716 evadere
1024 2658 1166 2716 conatur.
1203 2649 1286 2716 Tum
1319 2651 1436 2738 Bdcly-

365 2781 432 2843 cleo
454 2800 501 2843 vs.
523 2782 604 2842 196:

540 2904 611 2970 dte
634 2907 684 2970 cir
707 2905 767 2972 dccv
790 2911 842 2971 aaa
867 2910 980 2974 σαυτὸν
1007 2910 1038 2984 ἐς
1061 2912 1116 2990 τὴν
1139 2907 1245 2974 οἰκίαιν.

408 3037 540 3100 Patrem
572 3037 671 3120 igitur
700 3037 793 3120 jubet
828 3031 972 3101 asinum'
988 3045 1020 3101 et
1054 3044 1153 3102 semet
1190 3039 1295 3124 ipsum
1325 3039 1357 3102 iu
1382 3037 1435 3102 do·

364 3186 452 3228 mum
488 3163 667 3228 detrudere.
700 3164 792 3238 Quod
815 3166 984 3252 imperium
1008 3173 1074 3230 tam
1098 3167 1303 3231 vehementer
1325 3187 1434 3230 senem

364 3299 548 3376 permovet,
571 3300 607 3356 ut
633 3293 756 3357 timoris
781 3295 917 3379 plenus,
941 3295 1122 3358 exclamat:

574 3415 895 3498 &guntrammum
919 3420 1022 3484 Κλέων
1046 3419 1201 3497 ἀμύνατε.

408 3569 481 3633 Non
516 3569 608 3634 rideo
637 3569 717 3633 illud
737 3570 958 3656 Bdelycleonis
987 3569 1134 3651 „domum
1159 3575 1191 3634 te
1214 3570 1341 3634 confer'’
1365 3576 1434 3634 tan·

365 3707 430 3763 tam
454 3699 571 3763 hebere
593 3701 659 3763 vim
685 3705 720 3763 ut
743 3699 858 3785 pavido
881 3705 913 3763 et
935 3699 1105 3784 perterrito
1128 3698 1305 3762 senitalcm
1318 3698 1433 3762 clamo·

363 3849 430 3891 rem
455 3828 608 3892 excutiat.
632 3828 743 3913 Longe
766 3849 855 3891 secus
878 3833 982 3909 esset,
1005 3828 1031 3890 si
1054 3847 1074 3890 a
1097 3826 1195 3890 servis
1210 3827 1304 3910 jussu
1316 3823 1434 3889 domini

364 3955 626 4040 comprehensus,
649 3956 681 4020 vi
703 3957 737 4019 in
759 3956 853 4020 aedes
876 3954 1107 4019 detruderetur.

407 4083 534 4148 Revera
567 4085 611 4148 sic
641 4105 709 4148 rem
739 4105 807 4149 sese
830 4084 948 4149 habere
971 4083 1107 4148 efficitur
1129 4081 1232 4146 exiis
1254 4101 1336 4166 quae
1358 4101 1434 4148 mox

362 4218 555 4296 sequuntur:

407 4340 537 4404 Patrem
561 4342 645 4403 euim
669 4340 830 4403 Philoclen
854 4339 1044 4425 alloquitur:
