3414 5042
911 595 930 656 8

383 801 480 866 missa
502 799 676 883 faciamus,
698 800 776 884 quin
798 820 895 864 unam
919 820 987 864 rem
1010 800 1158 884 adjiciam
1178 821 1198 866 a
1216 822 1268 867 me
1279 801 1456 888 impetrare

383 946 516 1013 nequeo.
552 925 613 1013 Eq.
641 929 704 994 832
729 928 884 992 isiciarius
907 929 985 992 vitio
1007 927 1063 992 dat
1084 927 1286 1015 Paphlagoni
1310 929 1453 1012 (Cleoni)

384 1053 469 1140 quod
493 1077 514 1120 a
536 1055 739 1142 Mytilenaeis
762 1059 804 1120 40
826 1057 923 1122 minis
945 1063 1113 1142 corruptus
1126 1059 1157 1142 *)
1181 1065 1282 1123 esset:

876 1183 938 1249 Kal
959 1183 1129 1263 σ’ἒπιδείξω

646 1312 680 1386 a
703 1312 757 1386 riv
781 1314 935 1394 Δήμητρ’.
960 1311 976 1387 i
999 1314 1043 1391 ei
1067 1310 1142 1395 <sav

648 1440 879 1519 δωροδοκήσαντ’
901 1439 935 1506 ἐκ
958 1442 1138 1517 Μυτιλήνης

646 1576 737 1634 πλεῖν
762 1567 778 1644 ἢ
803 1572 885 1648 μνᾶς
908 1568 1153 1650 τετταράκοντα.

430 1695 558 1764 Revera
585 1705 694 1764 autem
724 1698 875 1764 Cleonem
905 1700 1111 1766 acerbissima
1133 1721 1278 1786 quaeque
1301 1703 1334 1764 iu
1359 1699 1456 1786 Myti-

385 1825 529 1910 lenaeas,
548 1827 603 1912 qui
625 1827 666 1892 ab
689 1827 941 1892 Atheniensibus
966 1827 1165 1912 defecerant,
1188 1850 1246 1914 pro
1268 1829 1352 1892 virili
1365 1833 1457 1913 parte

385 1953 622 2020 commendasse
643 1954 847 2042 Thucydides
869 1955 986 2022 diserte
1008 1963 1118 2021 auctor
1136 1961 1195 2020 est.
1219 1955 1457 2041 Aristophanes

385 2079 446 2146 hoo
469 2082 538 2146 loco
559 2082 761 2168 impudenter
782 2086 816 2148 in
840 2083 991 2149 Cleonem
1013 2105 1051 2148 ea
1074 2083 1230 2148 convertit
1254 2083 1370 2167 quibus
1395 2083 1458 2147 De·

385 2229 540 2295 magogus
560 2231 631 2294 eos,
655 2212 710 2296 qui
731 2212 852 2276 leniora
873 2218 1057 2294 suaserant,
1081 2211 1324 2298 perstrinxerat.

429 2336 544 2423 Neque
586 2337 733 2404 Comicus
770 2341 804 2405 in
840 2341 982 2426 personis
1012 2338 1194 2426 judicandis
1228 2338 1289 2403 sibi
1323 2341 1456 2401 constat.

387 2463 480 2539 Quod
500 2466 678 2532 luculenter
700 2467 840 2532 cernitur
863 2469 896 2531 in
919 2469 1066 2553 exemplo
1090 2467 1267 2550 Lamachi,
1291 2466 1346 2551 qui
1365 2465 1456 2529 vivus

386 2593 598 2658 acerbissimis
621 2596 770 2660 conviciis
794 2596 835 2661 ab
854 2617 891 2660 ec
910 2596 1032 2678 laesus,
1044 2601 1189 2661 mortuus
1196 2595 1334 2679 justiora
1345 2597 1457 2680 podtse

381 2720 504 2806 judicia
526 2725 730 2810 consequitur
752 2725 871 2811 quippe
893 2725 949 2810 qui
972 2723 1013 2788 ab
1036 2744 1073 2789 eo
1095 2722 1179 2788 Rau.
1202 2744 1249 2787 vs.
1277 2725 1360 2788 1039
1387 2742 1456 2807 sqq.

386 2847 479 2914 heros
502 2850 668 2916 salutatur.

430 2975 522 3044 Haec
541 2979 685 3045 sufficere
706 2985 801 3066 puto,
824 2986 861 3044 ut
886 2986 1012 3066 pateat,
1032 2985 1188 3066 quantum
1207 2977 1457 3065 Aristophanes,

386 3126 486 3191 quum
508 3107 543 3170 in
563 3107 659 3172 rebus
682 3108 818 3194 politicis
842 3108 1027 3192 narrandis,
1051 3115 1121 3172 tum
1142 3108 1176 3172 in
1194 3108 1336 3194 personis
1349 3106 1475 3193 depins

385 3233 497 3320 gandia
520 3256 540 3298 a
566 3234 701 3300 veritate
723 3235 873 3302 discedat.
897 3237 1038 3323 Turpius
1059 3237 1134 3301 licet
1155 3235 1247 3300 nobis
1268 3236 1458 3301 videaturet

385 3362 502 3426 nostris
525 3363 666 3428 moribus
689 3386 818 3451 prorsus
839 3386 903 3430 non
925 3364 1090 3430 ferendum
1111 3363 1230 3429 talibus
1241 3363 1459 3428 adversarium

387 3489 510 3554 artibus
532 3492 730 3577 opprimere,
753 3514 794 3558 ne
815 3493 1039 3558 obliviscamur
1064 3491 1267 3558 Comoediam
1279 3491 1458 3576 Antiquam

386 3615 428 3682 ad
461 3623 642 3686 nostrorum
671 3620 848 3686 studiorum
877 3643 915 3686 ac
937 3627 1117 3707 temporum
1140 3621 1296 3685 rationem
1318 3620 1459 3684 revocari

386 3747 475 3811 nullo
501 3747 595 3813 modo
617 3769 718 3834 posse.
746 3750 941 3836 Aequalium
962 3755 1110 3832 tantum,
1132 3749 1298 3814 hominum
1322 3747 1460 3812 urbano·

386 3894 459 3940 rum
492 3882 581 3961 erat,
619 3878 783 3964 praeclara
816 3879 871 3943 illa
894 3882 1061 3964 poetarum
1083 3876 1212 3963 ingenio
1234 3876 1310 3941 ficta
1332 3876 1459 3962 penitus

421 4187 448 4254 ἢ
466 4188 520 4240 Hoc
544 4188 598 4240 loco
621 4204 751 4255 provocare
777 4190 837 4241 licet
852 4189 884 4241 ed
900 4189 975 4241 Grote
992 4191 1018 4241 iu
1036 4185 1193 4241 celeb'errimc
1209 4189 1275 4240 libro
1294 4188 1415 4253 ,Histcry
1435 4185 1463 4236 ot

387 4294 492 4345 Greeca”
508 4297 625 4347 acerrime
640 4295 737 4346 Cleonis
756 4299 926 4362 iutegritatem
945 4296 1118 4346 vindicantem.
