3414 5042
809 618 825 677 7

279 821 417 884 servavit
440 820 673 910 fragmentum,
696 821 781 905 quod
802 822 979 885 maximum
999 823 1090 887 nobis
1110 825 1242 910 praebet
1262 825 1353 910 adju·

279 955 442 1013 mentum:
467 949 563 1013 Dind.
587 948 625 1013 P.
652 949 743 1013 Scen.
769 953 843 1013 552.

498 1074 669 1140 Διάλεκτον
693 1075 807 1155 ἔχοντα
830 1075 927 1154 μέσην
950 1073 1067 1148 πόλεως

497 1203 552 1268 οὔτ
574 1203 703 1268 ἀστείαν
725 1203 958 1285 ὑποθηλυτέραν

496 1331 561 1396 οὔτ’
584 1332 782 1414 ἄνελεύθερον
808 1334 1077 1414 ὑπαγροικοτέρκν.

323 1459 474 1547 Sequitur
497 1462 537 1526 ab
561 1464 630 1548 ipso
652 1449 779 1528 Comice
802 1470 867 1528 tres
890 1471 974 1528 certe
990 1461 1167 1534 διαλέκτους
1181 1464 1351 1550 distingui,

279 1608 413 1672 quarum
447 1591 549 1675 primo
578 1591 594 1663 ἦ
619 1596 674 1664 τῆς
699 1587 834 1674 πόλεως,
857 1594 959 1656 altera
984 1593 1001 1665 ἡ
1025 1601 1077 1656 τοῦ
1101 1591 1232 1675 ἄστεος,
1257 1593 1353 1657 tertia

278 1716 413 1780 colorem
435 1716 650 1782 subrusticum
672 1719 848 1802 exhibens3
875 1720 930 1784 sed
952 1721 1013 1784 nisi
1035 1725 1149 1806 poetae
1161 1720 1352 1784 haberemus

279 1845 493 1908 testimonium
526 1851 633 1910 tamen
667 1868 725 1932 pro
758 1854 844 1911 certo
879 1869 1003 1912 sumere
1026 1869 1189 1933 possemus
1213 1847 1352 1912 Athenis

277 1993 402 2057 quoque
436 1974 532 2037 alium
565 1975 662 2039 fuisse
696 1977 839 2061 linguam
873 1977 950 2040 civis
984 1975 1099 2040 nobilis
1130 1982 1161 2040 et
1186 1977 1352 2061 generosi,

277 2101 372 2164 aliam
394 2101 472 2165 civis
495 2121 536 2166 ex
559 2103 668 2167 infima
694 2103 787 2188 plebe
809 2105 887 2168 nati.

322 2227 436 2314 Neque
468 2230 649 2294 mirandum
683 2232 849 2315 homines,
891 2233 981 2296 tenui
1013 2233 1082 2297 loco
1111 2238 1217 2314 ortos,
1241 2233 1351 2317 quiin

278 2356 367 2422 Bello
392 2356 660 2444 Peloponnesiaco
684 2366 852 2445 praeerant
875 2381 942 2445 rep.
968 2359 1112 2442 Athen,
1136 2360 1176 2424 ob
1189 2360 1350 2424 inconcin-

277 2487 412 2550 nitatem
442 2493 473 2552 et
503 2489 716 2553 rusticitatem
740 2489 885 2554 dictionis
910 2489 1062 2553 barbaros
1085 2509 1154 2554 esse
1178 2493 1307 2553 vocatos
1332 2510 1351 2553 a

276 2615 378 2699 poetis
410 2614 657 2700 indignabundis
670 2666 693 2701 ‚,
710 2619 765 2703 qui
788 2639 913 2682 summa
936 2638 995 2703 cpe
1017 2617 1203 2681 nitebantur
1226 2623 1262 2680 ut
1287 2638 1351 2681 ser·

276 2765 401 2808 monem
438 2743 585 2809 Atticum
619 2767 735 2831 purum
770 2751 802 2810 et
838 2745 879 2809 ab
912 2745 998 2809 omni
1029 2740 1106 2809 labe
1131 2745 1350 2831 incorruptum

276 2880 449 2938 servarent.
473 2873 540 2937 Nos
564 2882 672 2938 cutem
695 2873 803 2938 sedulo
826 2895 995 2938 caveamus
1018 2895 1059 2937 ne
1077 2873 1156 2938 haec
1176 2894 1242 2938 una
1259 2874 1350 2938 nobis

276 3001 394 3065 existat
429 3023 524 3065 causo
559 3002 766 3087 quamobrem
801 3023 901 3066 unum
925 3002 1103 3067 alterumve
1126 3001 1350 3088 Demagogum

276 3128 377 3192 civem
400 3129 630 3195 Atheniensem
653 3152 717 3195 non
738 3132 835 3195 tuisse
858 3131 1087 3218 existimemus.

319 3256 485 3321 Postremo
504 3280 567 3322 non
586 3279 665 3343 opus
685 3264 733 3322 est
751 3257 910 3323 recordari
928 3279 1026 3343 quam
1043 3258 1226 3343 frequenter
1247 3257 1349 3322 Athe·

275 3388 334 3470 nis,
355 3388 541 3472 praesertim
560 3389 593 3452 in
608 3386 738 3472 judiciis
757 3389 900 3474 privatio,
920 3387 1057 3452 ferveret
1081 3384 1212 3462 ἡξενίας
1224 3387 1347 3466 γραφή.

277 3515 409 3580 Gcnstot
443 3518 617 3602 permultos
650 3518 742 3581 malis
774 3518 897 3582 artibus
931 3518 1095 3603 irrepsisse
1128 3517 1162 3580 in
1185 3515 1348 3581 civitatem

276 3644 440 3726 Atticam,
474 3644 529 3709 sed
563 3646 589 3709 si
624 3646 802 3710 oratoribus
826 3646 1025 3711 crederemus
1048 3643 1191 3709 maxima
1215 3664 1347 3727 eorum,

275 3774 329 3857 qui
366 3772 504 3836 Athenis
540 3773 705 3856 viverent,
729 3795 803 3858 pars
826 3773 944 3857 injuria
972 3773 1049 3837 civis
1080 3771 1209 3835 nomine
1232 3772 1347 3856 gloria·

274 3907 395 3965 rentur.
441 3900 689 3986 Aristophanem
724 3901 850 3987 ipsum,
886 3901 936 3964 cui
969 3905 1037 3964 tarn
1073 3899 1167 3963 multi
1202 3895 1279 3973 ξένοι
1315 3905 1347 3964 et

273 4028 427 4109 βάρβαροι
450 4028 604 4111 audiunt,
629 4050 648 4092 a
671 4027 789 4092 Oleone
813 4029 919 4113 injus
943 4033 1093 4092 vocatum
1117 4024 1238 4090 esseob
1252 4025 1347 4110 origi·

274 4179 348 4222 nem
366 4157 567 4244 peregrinam
588 4157 667 4221 sctis
687 4162 799 4221 notum
820 4161 878 4221 est.
891 4156 931 4220 cf.
945 4154 1050 4220 Schol.
1063 4152 1104 4218 ad
1115 4151 1257 4218 Acharn.
1272 4155 1345 4216 378.

320 4287 503 4371 Antequam
539 4285 648 4369 iniqua
680 4283 879 4349 Comicorurn
909 4285 941 4346 in
969 4282 1166 4348 adversarios
1190 4279 1345 4363 crimina,
