3414 5042
870 619 910 678 56

351 819 454 885 obiter
487 823 614 884 tantum
643 820 677 884 in
710 820 882 906 Eqmtibus
919 820 1153 906 Aristophanes
1175 822 1235 887 hoo
1258 823 1424 887 consilium

351 947 601 1034 perstringeret,
635 948 689 1033 qui
726 948 809 1013 idem
845 954 940 1035 polita
976 949 1103 1014 biennio
1126 957 1219 1035 post,
1242 951 1424 1036 vesparum

350 1075 452 1159 initio,
465 1075 541 1140 data
561 1096 657 1160 opera
683 1077 785 1141 eidem
808 1078 937 1142 consilio
956 1078 1071 1142 acriter
1090 1099 1269 1163 repugnare
1281 1081 1423 1164 poterat?

351 1201 611 1289 Haudquaquam
636 1206 778 1290 prolecto
800 1211 869 1270 erat
894 1204 1121 1290 Aristophanis
1140 1207 1262 1288 justam
1288 1207 1422 1270 occasio-

349 1352 424 1396 nem
445 1332 717 1418 praetermittere,
740 1339 776 1396 ut
799 1353 869 1398 sero
892 1353 963 1398 eam
986 1354 1135 1398 revocare
1159 1340 1335 1418 cogeretur.

392 1457 463 1544 Ego
493 1460 598 1546 potius
622 1459 802 1524 sic'habeo.
826 1459 905 1524 Post
930 1459 1086 1525 Thraciae
1109 1461 1297 1547 oppidorum
1321 1461 1422 1526 deleo·

349 1587 469 1652 tionem
503 1586 717 1652 Athenienses
751 1588 826 1653 irati
862 1589 1096 1653 constituerunt
1126 1590 1212 1652 omni
1244 1610 1303 1675 ope
1325 1595 1421 1674 atque

349 1735 446 1802 opera
466 1714 587 1780 bellum
611 1717 776 1801 persequi,
800 1715 884 1802 quod
907 1721 942 1780 ut
968 1723 1098 1782 strenue
1116 1723 1275 1801 ageretur,
1297 1716 1423 1780 Cleonis

349 1841 434 1906 lacili
470 1843 597 1928 negotio
632 1843 708 1908 vicit
744 1844 923 1925 sententia,
960 1848 996 1908 ut
1026 1844 1042 1916 ἡ
1073 1842 1214 1924 εἰσφοραὶ,
1240 1844 1422 1928 ceteroquin

348 1968 614 2051 invidiosissima,
648 1970 842 2054 exigeretur.
866 1970 1100 2056 Aristophanes
1123 1971 1227 2036 facere
1249 1992 1313 2036 non
1335 1977 1422 2056 pote·

349 2100 399 2160 rat
438 2095 516 2180 quin
555 2117 667 2181 aspere
708 2102 834 2162 notaret
868 2097 1077 2162 inimicissimi
1111 2099 1301 2181 consilium,
1337 2099 1422 2183 quod

347 2242 385 2288 eo
418 2229 561 2308 tempore
603 2244 666 2308 quo
701 2223 828 2309 Vespae
862 2225 1041 2309 agebantur
1075 2224 1216 2290 nondum
1249 2227 1356 2291 valuit'
1385 2232 1422 2289 ut

348 2356 438 2437 patet
460 2371 502 2416 ex
526 2374 574 2417 vs.

470 2477 522 2543 τὸν
547 2477 640 2556 δῆμον
663 2480 746 2557 ἡμῶν
768 2477 967 2557 βούλεται
990 2479 1153 2544 διιστάναι.

392 2605 521 2672 Somnio
555 2607 664 2674 Sosiae
696 2613 865 2690 enarrate,
898 2607 1059 2674 Xanthias
1092 2609 1133 2674 ad
1160 2614 1354 2694 spectatores
1384 2630 1418 2672 se

348 2735 525 2818 convertit,
559 2740 596 2798 ut
628 2736 667 2800 iis
700 2741 926 2822 argumentum
960 2744 1100 2822 exponat
1134 2737 1282 2820 fabulae,
1320 2757 1417 2821 quam

347 2862 518 2928 histriones
539 2864 642 2928 acturi
665 2870 749 2928 sunt.
773 2863 907 2928 Initium
926 2866 1002 2930 facit
1021 2866 1174 2928 nonnulla
1193 2864 1422 2946 enumerando,

347 3011 430 3077 quae
451 3012 472 3056 a
494 2989 673 3060 comoediae
696 2997 886 3076 argumento
909 3011 1037 3077 prorsus
1062 2996 1136 3054 sunt
1159 2991 1284 3054 aliena:

471 3119 544 3196 ἡμῖν
567 3117 629 3200 γαρ
653 3121 706 3184 οὐκ
729 3115 794 3182 ἔστ’
819 3116 889 3182 οὔτε
914 3117 1000 3197 κάρυ’
1026 3117 1061 3180 ἐκ
1084 3116 1230 3198 <hupaldus

472 3243 572 3329 δούλῳ
596 3244 821 3325 διαρριπτοῦντε
845 3251 909 3316 τοῖς
933 3243 1107 3322 θεωμένοις,

471 3369 539 3438 οὔθ’
563 3376 719 3453 Ἡρακλῆς
742 3375 778 3438 τὸ
801 3373 919 3438 δεῖπνον
944 3372 1193 3453 ἐξαπατώμενος,

471 3497 533 3563 οὐδ’
559 3495 650 3572 αὖθις
674 3500 969 3578 ἕναοελραινόροενος
992 3501 1169 3581 Εὐριπίδης.

471 3625 530 3695 οὐδ’
554 3628 579 3691 si
604 3627 707 3692 Κλέων
730 3627 894 3708 ν’ἔιιαροψε
918 3633 973 3702 τῆς
998 3627 1100 3708 τύχας
1123 3626 1227 3708 χάριν,

471 3746 564 3830 αὖθις
586 3756 637 3822 τὸν
661 3756 754 3822 αὐτὸν
778 3752 873 3835 ἄνδρα
896 3752 1164 3834 μοττωτεύοοριον.

390 3883 443 3948 Ex
478 3884 599 3950 ultimis
631 3885 776 3951 versibus
810 3885 1128 3970 Miller-strubing
1163 3885 1271 3950 elicuit
1296 3882 1422 3947 Aristo·

345 4012 487 4099 phanem
521 4034 640 4099 negare
673 4034 707 4078 se
730 4014 763 4078 in
786 4019 896 4078 nostra
918 4012 1080 4079 comoedia
1102 4011 1253 4077 Cleonem
1277 4011 1421 4096 exagita-

345 4146 458 4206 turum
477 4162 555 4208 asse.
581 4140 674 4217 Quod
697 4162 761 4208 non
783 4141 919 4228 quadrat
939 4162 1013 4207 cum
1025 4141 1146 4226 optima
1157 4139 1420 4224 interpretatione

349 4291 413 4355 qua
460 4271 622 4356 superiora
665 4270 847 4334 illustravit.
896 4269 948 4332 Ex
995 4269 1055 4332 hac
1095 4267 1283 4331 difficultate
1317 4274 1353 4330 nt
1387 4287 1420 4329 se
