3414 5042
777 673 816 733 37

226 874 375 960 publicae
407 895 536 960 operam
550 874 582 958 ⁴¹)
605 875 659 940 dat
684 875 868 940 drachmam
891 876 1007 961 accipit
1030 875 1126 940 etiam
1150 875 1176 940 ai
1200 876 1300 939 serius

226 1002 360 1065 venerit.
384 1001 547 1067 Instillant
569 1003 628 1067 tibi
640 1003 807 1089 paullatim
819 1024 861 1067 ox
872 1004 965 1067 lanae
978 1004 1108 1067 flocculo
1119 1001 1298 1068 mercedem

225 1128 390 1192 minimam
411 1134 576 1215 tamquam
599 1131 705 1195 oleum
727 1129 768 1195 ad
791 1132 892 1196 vitam
915 1130 1167 1196 sustentandam.
1195 1129 1298 1215 quue

225 1255 369 1320 consulto
391 1255 531 1340 faciunt,
555 1278 729 1343 pauperem
751 1259 836 1322 enim
859 1263 892 1323 ta
915 1279 983 1322 esse
1006 1258 1138 1340 volunt,
1164 1262 1201 1321 ut
1225 1277 1297 1342 cog-

225 1402 337 1446 noscas
370 1382 563 1466 nutricium,
598 1389 631 1448 et
664 1390 701 1448 ut
735 1405 835 1470 quum
870 1385 931 1450 isto
964 1391 997 1450 to
1030 1385 1233 1469 instigaverit
1264 1390 1297 1449 ct

224 1513 391 1594 tamquam
413 1529 524 1574 canam
548 1510 715 1577 immiserit
737 1512 770 1575 in
793 1513 975 1598 quempiam
996 1512 1197 1577 inimicorum
1216 1511 1296 1576 fero·

224 1636 304 1700 citer
325 1641 362 1701 tu
382 1636 445 1700 illi·
467 1636 610 1702 insultes.
634 1637 867 1704 Verumtamen
886 1639 1037 1724 perfacile
1049 1627 1216 1721 similent,
1232 1639 1296 1703 vic·

224 1769 295 1828 tum
318 1767 470 1852 praebere
492 1768 609 1853 populo
631 1772 781 1852 possent3
805 1771 879 1830 sunt
902 1767 987 1831 enim
1009 1766 1202 1831 millcurbes
1215 1787 1299 1851 quac

224 1891 383 1957 tributum
401 1894 493 1959 nobis
513 1895 697 1976 conterunt,
718 1913 854 1979 quarum
873 1894 900 1957 si
915 1894 1061 1979 singulae
1072 1894 1200 1958 vicenos
1212 1894 1299 1958 cives

224 2020 347 2084 alerent
369 2022 485 2106 viginti
507 2022 595 2086 milia
617 2021 737 2086 civium
760 2022 905 2085 viverent
928 2022 958 2083 ἐν
981 2022 1060 2084 πᾶσι
1083 2018 1232 2100 λαγῴοις.

269 2145 319 2210 Ea
352 2148 418 2212 fere
451 2153 525 2212 sunt
555 2169 638 2233 quae
671 2148 705 2211 in
727 2146 949 2233 Bdelyoleonis
972 2149 1115 2214 oratione
1140 2150 1298 2235 legunter.

225 2273 340 2359 Itaque
363 2273 479 2359 quibus
503 2273 666 2339 Philoclen
689 2275 857 2360 magnifice
881 2273 1079 2360 gloriabatur
1098 2276 1297 2340 eaucverbo

224 2399 352 2486 quidem
374 2401 557 2488 redarguit,
581 2422 685 2487 neque
706 2423 818 2468 revera
839 2401 927 2467 aliud
946 2401 1120 2488 quidquam
1133 2401 1294 2488 pollicitus

224 2536 273 2594 cst
305 2529 367 2594 nisi
399 2549 433 2592 so
468 2529 761 2596 demonstraturum
786 2551 854 2596 csse
877 2536 1002 2616 patrem
1024 2535 1152 2617 turpem
1177 2532 1298 2596 servire

225 2657 421 2721 servitutem.
462 2655 511 2720 Ilo
545 2657 676 2723 oonsilio
710 2657 801 2723 docet
837 2657 1000 2722 Haliastas
1031 2659 1120 2743 justo
1152 2657 1295 2743 praemio

222 2783 363 2849 fraudari
388 2804 408 2848 a
432 2783 646 2870 Demagogia,
668 2786 723 2871 qui
741 2791 851 2851 contra
863 2807 904 2850 ex
915 2785 1157 2872 magistratibus
1169 2787 1293 2851 lucrum

223 2913 350 2998 capiant
381 2912 601 2998 sociorumque
624 2911 756 2978 urbibus
778 2913 901 2978 tributa
923 2913 1098 2978 excutiant.
1123 2911 1296 2978 Contendit

223 3039 263 3104 de
308 3039 465 3105 industrie
511 3040 675 3106 Heliastas
716 3041 750 3106 in
792 3040 907 3106 humili
947 3061 985 3106 ac
1026 3041 1083 3106 vili
1118 3039 1298 3106 conditione

255 3266 283 3332 ξε)
301 3267 375 3333 Vesp·
388 3285 425 3322 vs.
434 3271 482 3322 691
497 3269 581 3329 calade
598 3270 629 3320 dl
644 3271 719 3337 pdpu
735 3273 767 3322 τὸ
783 3272 1112 3338 σννηγορικὸνδραχμὴν,
1122 3270 1296 3335 κᾶνῦπερος

222 3370 302 3439 ἔλθῃ.
318 3371 347 3422 dc
365 3375 499 3442 Synegoris
517 3376 547 3426 cl.
565 3377 698 3428 Schoenon
716 3377 760 3429 (ir.
776 3377 888 3430 Alterth.
904 3379 918 3428 1
933 3393 958 3443 p.
973 3380 1040 3440 412,
1057 3377 1123 3442 41⁹,
1139 3380 1196 3430 4³2.

254 3479 282 3540 ᾖ
301 3478 442 3544 leopold
461 3479 593 3547 bdelyclco

477 3585 698 3650 καταγελώμενος
715 3585 763 3648 μὲν
781 3575 828 3640 aba

256 3689 304 3738 οὐκ
322 3687 424 3748 lavabar
444 3691 493 3742 ὑπ’
509 3692 626 3759 ἀνδρῶν,
645 3693 691 3751 οὓς
709 3695 742 3744 σύ
760 3695 844 3755 μόνον
861 3692 893 3744 orl
911 3701 1070 3760 προσηνεῖς

254 3795 324 3846 ἀλλὰ
342 3795 479 3848 δουλοῖ-ων
498 3797 627 3864 lupone.

419 3903 545 3956 Philocleo

514 4012 588 4062 παῦε
607 4011 736 4062 δουλείαν
757 4009 857 4078 tirus,

256 4115 327 4174 ὅστις
343 4113 418 4181 ἄρχω
436 4117 487 4166 τῶν
506 4116 641 4169 ἁπάντων.

418 4221 556 4288 lidelycleo.

520 4333 550 4380 σι’·
571 4332 631 4396 σι’γ·
649 4329 707 4380 αλλ’
730 4331 877 4397 ὑπηρετεῖς
1010 4349 1032 4378 κ.
1052 4349 1075 4381 r.
1095 4330 1117 4380 l.
