3414 5042
777 705 816 765 69

260 909 423 994 complura
445 909 558 972 docent
580 910 772 972 testimonia.
797 909 888 972 Idem
913 908 1019 972 Schol.
1043 911 1089 973 ita
1111 912 1216 996 pergit
1232 906 1332 987 τίμιος

261 1035 381 1113 ὑστερεῖ
409 1037 425 1108 ἡ
458 1039 519 1097 πάν
557 1035 707 1117 Τρῳάδων
747 1039 877 1108 κάθεσις
909 1033 1006 1108 ἔπεσιν
1033 1035 1126 1100 ἓππιί.
1152 1038 1333 1124 Vesperum

259 1164 368 1228 fabula
390 1171 461 1228 acta
484 1170 531 1228 est
555 1163 613 1232 Aa.
639 1167 703 1228 422
726 1164 866 1228 Troades
889 1165 987 1248 igitur
1011 1163 1069 1228 A⁰.
1094 1167 1168 1229 415.

304 1291 408 1356 Sehol.
441 1291 482 1355 ad
505 1292 568 1356 Av.
594 1295 657 1355 842
681 1291 800 1356 tradit:
825 1296 947 1370 μήποτε
971 1289 1002 1354 δὲ
1029 1292 1260 1374 πυρυιιυμῳδεῖ
1279 1293 1331 1357 τὸν

258 1419 419 1497 Εὐριπίδου
452 1418 648 1495 Πειλιιριάδνν
683 1419 714 1481 οὐ
739 1419 794 1497 πρὸ
819 1424 935 1482 πολλοῦ
959 1417 1184 1496 δεδιδαγμένον.
1208 1421 1331 1486 Notum

258 1553 306 1611 est
328 1547 522 1612 Palameden
545 1547 586 1611 ad
611 1547 746 1612 eandem
768 1548 928 1633 pertinere
951 1548 1110 1632 trilogiam
1123 1548 1330 1634 acTroades,

259 1673 570 1761 Aristophanemque
593 1674 680 1738 Aves
705 1675 849 1739 docuisse
876 1675 934 1739 A0.
960 1677 1034 1738 414.

301 1805 408 1888 Hujus
433 1804 629 1868 scholiastae
651 1804 750 1868 verba
773 1805 873 1888 igitur
896 1803 1202 1889 confi1·mant,quae
1222 1805 1332 1890 legun·

257 1939 309 1997 tur
335 1930 375 1994 ad
398 1931 496 2016 Vesp.
523 1933 615 1996 1326.

301 2058 371 2121 Etsi
395 2059 526 2122 minima
545 2059 739 2142 ceteroquim
751 2061 928 2123 aucteritas
942 2066 990 2124 est
1003 2059 1172 2124 tribuenda
1184 2058 1331 2141 Aeliano,

257 2184 392 2249 addatur
415 2185 499 2249 hunc
523 2186 709 2271 scriptorem
732 2187 858 2252 tradere
880 2188 958 2251 Var.
983 2188 1068 2251 Hist.
1095 2187 1140 2250 II.
1155 2190 1174 2250 8
1188 2187 1328 2251 Troades

257 2312 290 2376 in
325 2335 451 2378 scenam
485 2335 553 2377 esse
583 2315 778 2399 propositam
802 2315 852 2378 01.
877 2318 915 2379 31
941 2317 961 2380 i.
986 2335 1012 2379 e.
1036 2316 1120 2379 inter
1142 2336 1242 2379 annos
1266 2317 1330 2379 416

257 2445 426 2505 011120.
451 2441 527 2506 chr.
552 2463 584 2504 n.

301 2569 386 2634 Satis
418 2576 539 2634 eertum
573 2571 672 2654 igitur
694 2571 820 2635 videtur
846 2571 1007 2635 Troadum
1031 2570 1173 2635 fabulam
1196 2571 1331 2635 nonnul·

256 2697 295 2759 lis
317 2698 408 2760 annis
431 2703 502 2782 post
526 2698 651 2782 Vespas
674 2703 779 2761 actam
802 2720 880 2762 esse.

299 2825 414 2889 Restat
438 2830 474 2889 ut
497 2826 695 2910 inquiramus
720 2847 761 2890 an
783 2847 895 2890 revera
917 2825 1150 2912 Aristophanes
1169 2827 1268 2913 Vesp.
1283 2849 1332 2894 vs.

257 2953 476 3016 13261userit
508 2951 622 3017 Troad.
647 2975 693 3016 vs.
720 2956 793 3018 308.
819 2952 923 3028 Quam
947 2975 1014 3018 rem
1037 2955 1126 3019 nulla
1148 2956 1181 3018 in
1206 2955 1332 3020 dubita-

256 3081 341 3144 tione
363 3081 483 3144 versari
507 3081 647 3144 affirmat
671 3080 808 3166 Stanger
831 3081 918 3146 hisce
941 3084 1138 3166 argumentis
1150 3083 1274 3148 duetus.

299 3208 352 3272 Ad
386 3209 603 3272 testiinonium
635 3209 740 3274 Schol.
772 3210 870 3295 Vesp.
906 3213 988 3275 1326
1012 3211 1134 3275 accedit
1156 3213 1329 3277 auctoritas

257 3337 362 3401 Schol.
385 3337 426 3400 ad
450 3335 512 3400 Au.
542 3340 646 3420 1720,
670 3339 774 3402 locum
796 3345 905 3402 nostro
928 3339 1142 3403 simillimum:

375 3466 510 3539 ’‘Avuya
538 3464 636 3545 δίεχε,
661 3471 797 3545 πάριινε,
825 3462 957 3546 πιίρεχε,

386 3591 593 3672 περιπέτεσθε

384 3725 513 3799 μυίκιιριι
536 3727 652 3801 μάκαρι
677 3721 731 3785 σὺν
755 3721 889 3806 πιίχρι*)

300 3848 422 3922 Quibus
451 3850 597 3915 versibus
630 3850 841 3916 adscribitur:
877 3848 1029 3932 χλευάζει
1059 3850 1090 3915 δὲ
1114 3851 1199 3931 παρίι
1222 3850 1265 3916 τά
1293 3851 1327 3916 la

254 3974 403 4057 Τρῳάδων
425 3975 588 4056 Εὐριπίδου
614 3974 747 4059 ,,ιίνεχε,
779 3975 912 4059 πιίρεχε,
935 3983 1005 4062 φῶς
1029 3979 1141 4061 <cipes

287 4269 314 4332 ⁴)
333 4269 378 4320 Th.
401 4271 472 4321 Koek
498 4272 524 4321 iu
549 4286 595 4320 sua
612 4271 703 4322 Avium
721 4270 840 4334 editione,
859 4272 938 4324 nullis
955 4275 1036 4323 tamen
1053 4273 1209 4338 argumentis
1227 4271 1328 4334 allatis,

256 4379 328 4436 arga
346 4375 374 4424 ι10
392 4377 491 4440 parmiia
508 4393 559 4424 osso
578 4377 744 4442 rogitandum.
