3414 5042
765 664 784 724 3

242 865 379 926 innotuit
410 863 530 946 (Schol.
556 864 642 928 Nub.
668 869 762 949 354„
785 874 981 952 postremum
1005 867 1089 929 filius
1112 867 1181 950 ejus
1207 868 1314 952 agitur

242 991 384 1078 podicem
406 993 556 1055 vellicans
582 993 615 1056 in
639 996 762 1058 tumulo
785 996 905 1080 patris,
929 995 983 1079 qui
1008 996 1039 1057 in
1065 995 1184 1079 proelio
1206 996 1314 1060 navali

241 1119 326 1203 apud
361 1118 539 1204 Arginussas
573 1121 729 1186 ceciderat
752 1123 850 1205 (Rau.
876 1145 923 1188 vs.
948 1126 1012 1188 422
1036 1125 1138 1209 sqq.);
1162 1123 1313 1190 Cleonem

241 1251 400 1308 mortuum
423 1245 655 1331 Aristophanes
679 1251 822 1335 exagitat
846 1250 921 1314 Pac.
946 1273 991 1316 vs.
1019 1255 1081 1316 753
1104 1273 1172 1336 sqq.

285 1373 455 1438 Comoedia
484 1376 558 1458 jure
591 1376 728 1460 quodam
762 1400 819 1442 suo
854 1379 913 1443 hoc
948 1381 1045 1445 habet
1073 1386 1108 1444 ut
1132 1399 1256 1465 semper
1278 1383 1311 1442 et

240 1499 357 1586 ubique
380 1502 509 1566 modum
532 1501 682 1586 excedat3
706 1506 740 1568 iu
763 1509 904 1591 personis
927 1506 1135 1594 depingendis
1155 1507 1312 1592 imprimis

240 1650 354 1693 curans
382 1637 417 1694 ut
443 1631 542 1694 risum
568 1638 599 1696 et
623 1631 818 1698 hilaritatem
842 1636 988 1700 concitet.
1013 1636 1085 1709 Qua
1106 1635 1256 1699 libertate
1277 1633 1311 1697 in

239 1757 308 1842 ipsa
329 1757 517 1823 Comoedias
530 1759 634 1824 indole
647 1761 724 1842 sita,
738 1760 858 1826 Poetae
869 1763 1023 1827 effrenata
1035 1764 1165 1828 licentia
1176 1761 1310 1825 uteban-

238 1890 308 1967 tur,
332 1888 383 1950 uel
406 1889 510 1972 potins
533 1887 758 1953 abutebantur.
782 1889 912 1954 Nemini
936 1892 992 1976 qui
1015 1892 1066 1956 vel
1079 1891 1189 1976 primis
1201 1889 1310 1974 digitis

239 2012 366 2076 Veteris
402 2013 590 2078 Comoediae
623 2016 773 2100 reliquias
807 2018 969 2102 attigerit,
1004 2018 1209 2104 perspicuum
1244 2037 1308 2081 non

238 2142 298 2203 erit
322 2140 466 2206 Comicos
489 2140 530 2206 ad
553 2164 653 2206 unum
675 2163 784 2208 omnes
806 2145 914 2210 favere
938 2139 1083 2231 partibus
1095 2145 1308 2231 optimatium.

181 2257 185 2264 ’
240 2267 382 2342 Quorum
406 2270 575 2334 factionem
596 2272 871 2356 amplectebantur
894 2279 930 2337 ut
953 2273 1090 2359 propriis
1104 2271 1308 2356 indulgentes

239 2397 372 2480 studiis,
414 2399 460 2462 ita
493 2399 690 2463 necessitatis
724 2400 795 2484 lege
831 2401 941 2465 coacti.
977 2399 1189 2465 Incumbebet
1223 2400 1308 2464 enim

237 2532 301 2594 τοῖς
337 2525 489 2596 πλουσίοις
521 2549 637 2591 munus
661 2527 771 2592 choros
793 2528 970 2594 instruendi
995 2535 1026 2593 et
1050 2526 1200 2611 ornandi,
1223 2527 1308 2613 quod

237 2655 369 2718 maximi
403 2661 471 2720 erat
507 2657 658 2719 momenti
692 2656 725 2719 in
762 2657 929 2721 comoediis
962 2657 1103 2742 agendis.
1132 2655 1247 2741 Itaque
1269 2659 1306 2720 ut

239 2783 440 2868 Oligarchiae
472 2782 667 2866 fautoribus,
699 2785 764 2848 suis
792 2790 957 2870 tamquam
979 2785 1121 2871 patronis
1143 2785 1305 2870 placerent

238 2913 392 2977 acerrima
423 2910 543 2976 Comici
577 2912 642 2975 tela
664 2912 697 2975 in
721 2932 829 2976 omnes
853 2913 1054 2998 Demegogos
1077 2911 1305 2997 conjiciebant,

239 3040 484 3106 mordacissimis
519 3037 611 3103 dictis
646 3061 700 3104 eos
735 3041 923 3106 lacerantes.
960 3041 1134 3106 Cratinum¹
1163 3062 1201 3106 eo
1237 3060 1306 3104 esse

237 3188 439 3254 progressum
474 3166 625 3232 audaciae
658 3175 695 3232 ut
729 3169 886 3234 Periclem
919 3171 952 3233 in
983 3191 1078 3236 scena
1099 3167 1305 3234 deridendum

268 3497 296 3564 Ἰ’)
315 3499 344 3549 G.
363 3499 514 3566 Bernhardy.
530 3500 637 3551 Grundr.
656 3500 680 3552 d.
697 3501 739 3551 Gr.
757 3502 808 3551 Lit.
826 3501 854 3551 Il
871 3517 896 3566 p.
916 3504 972 3551 605.
993 3499 1048 3563 „sie
1059 3498 1109 3564 ldie
1117 3498 1167 3548 alte
1175 3497 1305 3564 Kombdie)

238 3607 365 3658 vernaltct
389 3606 433 3656 das
457 3607 517 3656 Amt
541 3607 607 3656 einer
630 3607 779 3671 politischcu
805 3607 900 3658 Censor
917 3607 975 3657 oder
994 3606 1151 3671 Opposition,
1169 3605 1251 3655 indem
1269 3606 1306 3655 sie

236 3729 293 3764 anm
322 3715 402 3763 ersten
427 3713 492 3763 Male
514 3711 650 3778 gleichsam
675 3713 712 3763 als
731 3715 771 3763 eiu
789 3712 855 3763 edlss
873 3711 1004 3777 Pamphlet
1020 3711 1079 3762 oder
1095 3710 1244 3762 Parteiblatt
1259 3712 1307 3761 mit
1412 3740 1415 3746 ·

237 3820 450 3871 uubesehrtukter
465 3819 595 3870 Parrhasis
611 3819 651 3869 dic
667 3819 807 3870 &deutliche
826 3820 947 3884 Meinnng
963 3817 1089 3869 vertritt.”

267 3926 346 3976 llirm
369 3929 451 3976 autem
476 3940 525 3991 quc
548 3928 619 3989 pacto
642 3939 698 3974 mox
719 3924 807 3975 addere
824 3926 915 3990 possit:
943 3925 988 3988 „In
1012 3923 1055 3973 der
1079 3922 1223 3988 Zeiehnung
1238 3922 1307 3972 ihrer

235 4032 408 4098 Zeitgenosssn
434 4047 484 4082 war
509 4030 548 4081 die
574 4029 693 4080 Kombdie
719 4032 801 4096 wenig
825 4030 972 4095 parteilich3
998 4029 1028 4080 da
1046 4031 1082 4080 sie
1099 4029 1186 4079 keiueu
1203 4028 1307 4091 schont,

234 4137 318 4188 macht
335 4139 372 4187 sle
388 4138 476 4187 keincn
493 4135 657 4187 Uuterschied
675 4136 798 4186 zwischeu
815 4135 965 4202 Ollgarcheu
983 4134 1033 4185 und
1043 4135 1156 4186 Fithreru
1166 4133 1209 4184 der
1217 4132 1307 4184 Vollm-

235 4243 339 4308 purtei.”
366 4243 499 4308 Componat
522 4243 585 4292 mihi
601 4242 695 4307 uliquis
712 4241 888 4308 Aristophanis
905 4243 931 4292 iu
949 4239 1306 4307 Demugogosmuledictacum

234 4349 284 4400 leui
303 4363 330 4399 ac
343 4350 400 4399 miti
406 4348 503 4416 judicio
511 4347 576 4414 qnod
586 4348 615 4398 de
625 4349 699 4399 Nicia
711 4351 781 4414 poeta
790 4348 837 4398 lent
848 4349 895 4414 Eq.
906 4349 998 4398 irs-358
1007 4347 1054 4398 Aa.
1063 4350 1111 4397 639
1120 4345 1187 4396 Eccl.
1195 4348 1307 4414 428sqq.
