3414 5042
878 674 918 734 ill

411 879 525 963 Neque
557 875 636 940 illud
670 876 896 960 negligendum
926 897 997 957 eos,
1028 877 1082 960 qui
1113 876 1146 938 in
1171 881 1307 958 utraque
1331 875 1440 937 fabula

367 1007 416 1070 his
449 1005 555 1071 verbis
590 1011 735 1086 utuntur,
759 1005 792 1066 in
816 1004 925 1068 eodem
950 1004 1046 1068 animi
1071 1011 1160 1066 ructu
1184 1003 1313 1066 versari.
1340 1000 1438 1086 Apud

366 1134 524 1218 tragicum
538 1131 717 1196 Cassandra
728 1131 876 1196 bacelrico
889 1139 1004 1196 ornatu
1018 1133 1173 1196 instructa
1186 1129 1300 1207 μεινδις
1312 1129 1416 1208 θοάζει
1430 1179 1438 1211 ‚

366 1261 602 1326 Philocleonem
625 1261 734 1322 vinum
757 1260 919 1323 insolitum
943 1260 982 1323 ad
1006 1259 1191 1323 bacchicurn
1215 1259 1281 1323 fere
1300 1259 1438 1321 furorem

367 1388 554 1453 stimulavit.

412 1515 485 1579 Non
508 1515 622 1579 desunt
646 1522 752 1578 tamen
776 1536 857 1599 quae
880 1515 966 1579 hisce
989 1537 1156 1601 opponam.
1182 1514 1339 1576 Dubitare
1364 1514 1439 1577 licet

368 1663 409 1706 an
442 1663 483 1706 ex
524 1648 610 1706 certo
653 1643 739 1706 lente
782 1642 960 1705 Scholiasta
1002 1642 1153 1706 hauserit.
1187 1640 1273 1703 Illud
1309 1635 1438 1714 „dam

368 1769 490 1850 ὑστερεῖ
510 1769 526 1842 ἦ
546 1775 607 1832 τῶν
630 1769 778 1847 Τρῳάδων
804 1767 934 1841 κάθεσες
959 1768 1056 1830 ἔπεσιν
1083 1768 1183 1830 iaci?
1207 1769 1286 1832 mihi
1312 1768 1438 1830 ridetur

367 1898 533 1962 ostendere
554 1899 642 1961 illam
662 1898 883 1982 chronologiae
896 1898 1141 1982 discrepantiam
1153 1898 1258 1981 ipsum
1272 1896 1438 1959 Gramma-

368 2025 467 2102 ticum
506 2025 665 2089 offendere
692 2027 784 2110 eique
819 2047 887 2090 rem
920 2047 984 2089 non
1016 2026 1093 2089 satis
1127 2047 1194 2090 csse
1228 2027 1437 2110 exploratam.

369 2151 492 2217 Notatu
526 2151 747 2236 dignissimum
780 2154 891 2237 utique
927 2160 974 2216 est
1007 2175 1079 2217 eurn
1109 2175 1150 2216 ne
1179 2153 1286 2216 conari
1312 2151 1438 2237 quidem

369 2281 447 2346 haec
470 2281 554 2345 inter
577 2301 644 2344 sese
667 2282 844 2345 conciliare.

413 2408 578 2473 Afferatur
601 2410 783 2493 exemplum
809 2408 1018 2473 Grammatici
1042 2409 1075 2471 in
1098 2411 1155 2472 tali
1179 2431 1212 2472 re
1237 2414 1382 2472 errantis.

413 2534 620 2620 Asclepiades
638 2536 728 2600 docet
752 2536 814 2599 Av.
841 2559 887 2600 vs.
913 2540 975 2599 348

630 2661 681 2725 aul
707 2663 806 2727 decrat
830 2663 942 2744 ῥύγχει
965 2663 1088 2743 <Septicia

369 2797 509 2858 sumtum
532 2812 600 2855 esse
623 2813 664 2856 cx
690 2791 852 2877 Euripidis
875 2792 1081 2856 Andromeda

622 2919 758 2984 ἐκθεῖναι
783 2919 869 2992 κήτει
889 2919 1021 3000 φορβάν.

412 3047 590 3112 Scholiasta
623 3049 753 3113 meliora
786 3048 915 3126 edoctus
946 3049 1097 3113 adnotat:
1129 3049 1167 3121 ὡς
1192 3049 1437 3126 Ἀσκληπιάδῃ,

366 3173 409 3238 rai
432 3173 558 3252 μηδέπω
582 3174 785 3255 διδαχθείσερς
809 3177 983 3256 τραγῳδίαις
1006 3181 1263 3255 παρατιθέμενος,
1277 3180 1308 3261 *)

411 3302 584 3400 Praeterea
613 3305 694 3369 alius
723 3311 830 3368 exstat
852 3305 939 3367 locus
963 3326 1025 3389 quo
1049 3305 1218 3391 Euripides
1240 3304 1320 3369 illud
1341 3300 1437 3383 ε’ἒνεχε

368 3429 490 3511 πάρεχε
515 3434 702 3516 usurparit,
729 3432 858 3518 Cyclop.
884 3454 930 3496 vs.
955 3436 1017 3497 203

541 3555 649 3643 ἄνεχε,
673 3563 803 3640 πάρεχε,
826 3557 858 3621 πί
879 3558 964 3630 scida
991 3559 1039 3632 τίς
1062 3560 1079 3632 ἡ
1103 3557 1257 3641 ρ’ριὲυμίεεε

367 3688 453 3752 Fieri
475 3694 579 3774 potest
605 3694 640 3751 ut
665 3687 852 3772 Euripides,
876 3689 930 3772 qui
956 3688 1054 3751 bisin
1078 3688 1229 3751 dramatis
1254 3687 1387 3752 servatis
1402 3709 1439 3751 ea

366 3816 525 3880 locutione
554 3837 631 3879 usus
654 3822 722 3898 est,
746 3815 879 3879 eandem
902 3817 1062 3900 scripserit
1085 3817 1118 3878 in
1142 3815 1306 3900 tragoedia
1329 3815 1438 3900 deper-

369 4007 541 4018 --—·-·-—----¹

400 4124 427 4190 θ)
454 4125 555 4178 Constat
580 4125 761 4186 Andromedam
789 4130 815 4177 in
840 4142 936 4178 scenam
962 4143 1016 4178 esse
1033 4127 1177 4192 productam
1196 4127 1234 4178 01.
1252 4131 1292 4178 92.
1311 4132 1333 4178 1.
1351 4115 1439 4176 Nauck

367 4232 398 4283 ad
424 4231 491 4284 Aves
516 4235 580 4284 348:
606 4234 725 4298 „sortasse
749 4234 883 4299 Euripides
909 4234 1053 4298 Sophoclem
1069 4235 1182 4284 imitatus
1199 4236 1252 4288 est,
1269 4233 1341 4298 cujus
1358 4233 1439 4283 locurn

368 4338 469 4402 parodia
486 4341 634 4402 expresserit
652 4340 855 4405 Aristophanem
