3414 5042
772 675 812 735 39

524 873 584 948 λόις
607 873 712 948 πόλεις
733 875 845 949 Μήδων
869 874 991 950 ἑλόντες

523 1000 700 1066 αἰτιώτατοι
724 1001 879 1084 Φόρεσθαι

518 1129 570 1193 τόν
592 1128 682 1210 Φόρον
706 1128 782 1209 δεῦρ’
806 1128 908 1210 ἑσμόν,
932 1122 963 1194 όν
983 1130 1038 1194 κλὲ
1052 1169 1093 1178 -

521 1279 646 1320 ττονοιν
668 1257 693 1321 οἱ
717 1255 863 1336 νειότεροι.

263 1382 411 1448 Junicres
441 1385 539 1470 igitur
559 1382 762 1463 ἀστράτευτοι
784 1392 821 1450 ut
843 1387 1046 1473 appellantur
1069 1409 1115 1451 vs.
1143 1387 1225 1450 1117
1251 1386 1332 1462 μήτε

263 1506 365 1583 κώπην
383 1511 465 1587 μήτε
484 1510 607 1591 λόγχην
627 1513 708 1590 μήτε
724 1511 923 1595 φλύκταιναν
935 1511 1090 1590 λαβόντες
1103 1513 1260 1578 tributum
1273 1513 1334 1578 sibi

262 1639 419 1724 arripiunt
439 1639 524 1725 quod
543 1661 584 1705 ex
603 1661 705 1726 aequo
724 1647 756 1706 et
770 1641 852 1707 bono
872 1643 1010 1705 strenuis
1032 1638 1333 1722 Μαραθωνομάχας

262 1766 405 1832 debetur.

306 1893 381 1960 Jsm
411 1901 609 1961 transeamus
640 1895 681 1960 ad
703 1897 866 1982 parsbasis
889 1903 1013 1982 partem
1037 1897 1148 1960 Oleoni
1167 1897 1333 1963 infestissi-

261 2046 357 2089 mam.
393 2025 509 2088 Libero
539 2030 576 2089 ut
605 2026 684 2090 solet
714 2046 767 2089 ore
789 2030 885 2110 potita
907 2030 1101 2111 spectatores
1123 2026 1333 2111 perstringit,

262 2152 346 2237 quod
369 2153 512 2216 Nubium
535 2153 662 2218 fabulae
684 2153 856 2239 praeterito
878 2174 962 2217 anno
981 2152 1091 2217 doctae
1103 2155 1334 2239 praestantiam

261 2286 348 2344 recte
369 2280 547 2365 intelligere
570 2281 771 2346 nesciverint.
795 2280 970 2345 Profitetur
989 2302 1023 2345 se
1035 2280 1205 2366 optimede
1217 2282 1334 2366 populo

262 2407 452 2473 Atheniensi
473 2410 588 2472 mereri
611 2409 675 2473 suis
697 2408 865 2474 comoediis
888 2408 1081 2491 scribendis,
1104 2413 1333 2494 negat‚quum

261 2537 360 2600 tantis
381 2536 553 2601 honoribus
584 2537 686 2602 elatus
709 2537 841 2619 fnisset,
865 2536 977 2622 quanti
999 2536 1120 2601 nemini
1142 2535 1247 2601 adhuc
1270 2537 1334 2604 sint

261 2663 395 2746 tributi,
418 2662 587 2728 credidisse
608 2685 641 2728 se
664 2684 824 2729 summum
847 2664 993 2748 attigisse
1014 2663 1178 2748 fastigium
1201 2664 1253 2728 vel
1275 2664 1333 2728 ulli

262 2813 414 2876 umquam
434 2812 554 2856 morem
573 2793 724 2876 gessisse,
747 2793 879 2857 honesto
901 2813 979 2856 usus
1007 2791 1136 2856 consilio
1160 2812 1201 2856 ne
1224 2791 1333 2856 Musas

261 2921 349 2984 lenas
382 2918 537 2983 redderet.
573 2919 686 3005 Neque
721 2940 818 3005 quam
846 2921 986 3005 primum
1019 2918 1196 2984 comoedias
1220 2940 1333 2985 scenae

261 3047 458 3111 committere
488 3047 608 3132 coepit,
631 3048 775 3114 homines
797 3070 830 3113 se
854 3068 1040 3134 aggressum
1064 3046 1161 3111 irrisae
1183 3045 1238 3112 sed
1261 3046 1333 3112 her·

261 3176 350 3240 culeo
383 3176 505 3259 impetu
539 3179 681 3239 monstra
710 3197 744 3240 se
775 3197 844 3240 esse
866 3174 1013 3239 adortum
1036 3195 1136 3259 quum
1159 3174 1268 3238 statim
1291 3175 1332 3240 sb

261 3302 351 3366 initio
375 3321 562 3386 congressus
585 3302 626 3365 sit
649 3323 721 3367 cum
744 3303 800 3367 illa
822 3303 917 3367 belua
939 3295 1174 3382 καρχαρόδοντι.

260 3421 295 3494 οὖ
322 3425 495 3494 δεινόταται
522 3429 578 3506 μὲν
604 3429 662 3493 τότ’
687 3428 867 3513 ὀφθαλμῶν
890 3428 1005 3504 Κύννης
1026 3429 1151 3504 ἀκτῖνες
1174 3427 1330 3506 ἔλαμπον,

260 3558 368 3623 ἑκατόν
398 3557 429 3621 δὲ
459 3556 562 3638 κύκλῳ
589 3562 732 3640 κεφαλαὶ
755 3557 894 3624 κολάκων
918 3555 1126 3636 οἰμωξομένων
1150 3557 1332 3638 ἐλιχμῶντο

261 3689 329 3765 περὶ
349 3685 404 3760 την
424 3685 580 3766 κεφαλήν,
602 3686 705 3767 Φωνην
721 3681 835 3768 δἐἶχεν
847 3683 1009 3768 χαράδρας
1021 3683 1146 3764 όλεθρον
1157 3684 1331 3770 τετοκνόοις,

259 3811 366 3895 Φόκης
384 3814 521 3892 δ’ότμην,
542 3814 664 3893 λαμόας
682 3812 783 3897 όρχεις
797 3814 968 3890 ἀπλύτους,
981 3813 1118 3894 πρωκτόν
1130 3811 1161 3877 δὲ
1174 3813 1328 3890 καμήλου.

303 3940 426 4007 Eadem
458 3942 491 4005 in
527 3941 612 4008 Pace
645 3944 797 4028 leguntur
828 3965 876 4009 vs.
905 3945 968 4008 755
992 3962 1083 4028 sqq.;
1106 3941 1209 4027 magis
1232 3941 1330 4006 etiam

260 4069 320 4134 hoc
354 4075 467 4134 notatu
501 4069 634 4154 dignum
670 4071 720 4135 his
748 4071 893 4138 versibus
924 4070 1114 4135 acerrimum
1139 4073 1172 4134 et
1194 4067 1330 4133 acerbis·

261 4200 376 4264 simum
407 4197 563 4262 contineri
591 4198 747 4284 impetum
769 4200 802 4264 in
826 4199 997 4281 Cleonem3
1020 4195 1105 4284 quod
1128 4197 1329 4282 aliquantum

263 4349 282 4390 a
317 4326 497 4410 vesparum
528 4325 657 4388 consilio
680 4326 840 4392 abhorret.
866 4327 913 4390 Ut
936 4325 1021 4388 enim
1047 4329 1114 4388 tota
1139 4323 1199 4388 hac
1221 4323 1327 4388 fabulo
