3414 5042
807 637 845 697 57

293 840 462 926 expediat,
496 841 675 926 suspicatur
708 839 959 924 Aristophanem
993 841 1132 924 primum
1167 841 1295 925 quidem
1329 843 1361 905 in

292 969 398 1031 animo
421 967 571 1032 hahuisse
590 967 814 1052 Demagogum
834 988 898 1030 non
918 967 1056 1052 amplius
1074 969 1239 1050 lacessere,
1251 975 1364 1054 postea

293 1116 388 1178 vcro,
421 1098 581 1161 comoedia
604 1118 701 1182 prope
724 1096 765 1160 ad
789 1096 885 1158 finem
908 1094 1081 1180 perducta,
1104 1096 1271 1160 consilium
1293 1119 1362 1160 mu·

292 1229 376 1288 tasse
399 1231 430 1288 et
452 1225 579 1288 initium
602 1223 687 1310 quod
708 1223 864 1288 habemus
888 1221 1056 1286 addidisse.

336 1351 407 1416 Hac
432 1353 645 1438 explicatione
666 1352 745 1416 mihi
769 1350 896 1416 videtur
923 1371 987 1414 non
1006 1373 1074 1416 esse
1085 1351 1360 1436 acquiescendum.

292 1478 404 1552 Quid?
440 1479 542 1544 Poeta
576 1486 668 1544 tanta
702 1479 850 1544 ubertate
886 1479 1005 1563 ingenii
1028 1479 1212 1564 praeditus,
1237 1481 1361 1545 etiamsi

291 1607 442 1692 temporis
463 1609 619 1692 angustiis
641 1608 898 1692 circumscriptus
922 1608 1037 1690 luerit,
1061 1608 1119 1671 hos
1140 1629 1251 1672 versus
1271 1628 1361 1692 prue-

292 1732 476 1798 oedentibus
511 1736 605 1821 plane
634 1741 850 1821 repugnantes
880 1735 926 1798 ita
949 1742 1074 1799 mutare
1097 1757 1160 1799 non
1182 1737 1360 1820 potuisset,

292 1865 328 1924 ut
361 1883 433 1926 cum
468 1864 581 1928 ceteris
612 1863 693 1928 benc
718 1862 951 1927 cohaererent?
975 1861 1076 1926 Facili
1099 1864 1209 1948 utique
1234 1865 1362 1947 negotio

292 1990 443 2075 exiguam
469 1993 680 2076 particulam,
704 1991 800 2074 hujus
824 1991 884 2055 loci
907 2010 1034 2054 sensum
1057 1991 1151 2075 plane
1173 1992 1361 2076 perturban-

292 2123 377 2199 tem,
401 2120 512 2183 tollore
535 2125 692 2205 potuerat.

336 2245 459 2310 Verum
481 2248 566 2311 enim
589 2269 666 2312 vero
688 2247 782 2312 nimis
809 2245 965 2311 absurdus
988 2253 1091 2328 esset,
1115 2249 1169 2332 qui
1192 2253 1359 2332 postquam

291 2372 454 2438 inimicum
477 2374 575 2460 probe
587 2377 836 2461 perstrinxerat,
851 2375 977 2439 disertis
998 2349 1105 2439 serbis
1128 2375 1359 2460 spectatoribus

291 2502 493 2584 enunciaret,
518 2524 551 2567 se
574 2505 664 2567 illum
688 2503 849 2567 hominem
872 2525 936 2566 non
961 2523 1029 2568 esse
1053 2503 1303 2588 exagitaturum.

332 2628 504 2696 Praeterea
526 2633 600 2697 licet
622 2633 667 2696 M.
692 2631 725 2698 S.
749 2633 885 2696 affirmet
909 2631 1090 2717 Vesparum
1108 2632 1193 2696 locos
1211 2631 1252 2695 ad
1265 2629 1356 2695 Cleo·

286 2775 359 2820 nem
398 2759 592 2843 pertinentes
626 2760 706 2824 nihil
739 2760 901 2824 continere
930 2759 991 2822 nisi
1013 2759 1144 2824 facetias
1168 2766 1352 2824 mansuetas

289 2891 320 2948 ct
353 2886 520 2969 innoxias,
555 2887 582 2950 si
615 2889 686 2972 quis
723 2907 827 2952 meam
857 2888 891 2950 in
914 2909 983 2972 cap.
1007 2886 1024 2951 I
1047 2889 1355 2972 argumentationem

288 3014 424 3097 speciem
457 3015 525 3079 veri
556 3014 674 3080 habere
697 3014 866 3097 concedet,
890 3015 931 3079 ad
953 3017 1143 3080 sententiam
1165 3017 1357 3080 contrariam

288 3161 321 3204 se
353 3147 526 3206 convertet.
561 3142 676 3228 Itaque
707 3142 871 3208 rideamus
894 3144 1020 3208 analio
1043 3142 1136 3208 modo
1158 3149 1266 3208 nostro
1289 3144 1357 3208 loco

288 3268 457 3334 subvenire
479 3271 646 3356 possimus.

330 3397 496 3462 Prioribus
517 3396 661 3462 versibus
674 3397 906 3484 Aristophanes
919 3399 1105 3484 perstringit
1117 3403 1226 3484 poetas
1240 3420 1355 3484 aequa·

286 3527 352 3610 les,
386 3526 441 3611 qui
464 3525 564 3589 sterili
585 3526 713 3609 ingenio
735 3528 846 3592 eadem
869 3547 993 3612 sempor
1016 3533 1205 3611 argumenta
1227 3526 1269 3591 ad
1292 3528 1354 3592 fas·

286 3655 400 3722 tidium
423 3657 602 3724 decantent.
627 3659 688 3723 lllo
710 3665 837 3722 tamen:
865 3677 968 3741 neque
981 3656 1238 3720 rursuseundem
1252 3647 1354 3721 homi·

285 3807 358 3850 nem
392 3786 622 3852 contundemus
652 3823 693 3834 ——
725 3778 981 3860 μυττωτεύσομεν
1005 3821 1046 3831 -
1070 3789 1180 3868 aperte
1202 3783 1243 3848 ad
1266 3807 1356 3849 suam

284 3914 384 3999 ipsius
403 3913 543 3978 fabulam
556 3914 690 3999 Equites
702 3913 825 3994 alludit,
838 3933 938 3996 quum
950 3932 1107 3995 nusquam
1119 3911 1182 3976 alia
1193 3911 1355 3976 comoedia

284 4047 556 4124 commemoretur,
581 4061 663 4126 quaa
685 4047 754 4104 tota
775 4041 808 4103 in
832 4039 959 4104 Cleonis
982 4039 1126 4103 irrisione
1145 4045 1298 4104 versetur.

328 4169 418 4234 Haec
451 4171 542 4234 nobis
576 4171 661 4234 viam
696 4173 875 4234 monstrant
909 4166 950 4232 ad
982 4173 1106 4232 nostros
1137 4189 1247 4232 versus
1269 4175 1354 4234 recte

284 4297 515 4382 intelligendos.
551 4299 670 4362 Vocem
705 4294 912 4375 μυττωτεύετν
936 4296 1113 4362 Scholiasta
1136 4295 1275 4381 explicat
1298 4319 1354 4384 por
