3414 5042
801 634 837 693 11

285 858 471 922 semperque
493 839 682 923 gloriantem
699 837 784 922 quod
799 836 838 900 ob
853 835 1073 920 Sphaeteriam
1087 841 1213 920 captam
1226 834 1353 920 publioe

285 966 317 1030 in
341 965 502 1051 Prytaneo
525 968 673 1030 aleretur.
698 965 737 1028 In
759 965 885 1029 theatro
907 964 1010 1028 denuo
1030 963 1262 1027 divellebaatur
1284 961 1352 1025 vul-

284 1115 361 1158 nera
382 1095 415 1157 in
440 1095 575 1159 comitiis
597 1094 734 1175 inflicta,
759 1092 956 1178 parabantur
990 1113 1073 1155 nova
1096 1112 1198 1176 neque
1226 1090 1352 1154 oblivis-

285 1221 420 1286 cendum
442 1222 523 1312 nihil
545 1221 683 1285 Athenis
707 1221 804 1284 fuisse
826 1220 986 1284 efficacius
1013 1219 1054 1283 ad
1081 1219 1224 1282 inimicos
1248 1218 1353 1302 oppri-

285 1350 414 1414 mendos
436 1351 502 1414 risu
522 1351 667 1435 jocoque.

330 1477 374 1540 Ut
408 1498 484 1541 vero
517 1477 557 1540 ad
592 1477 689 1540 finem
725 1498 947 1563 properemus:
979 1482 1113 1562 apparet
1137 1497 1234 1561 quam
1258 1480 1353 1539 caute

286 1606 405 1669 Comici
428 1611 525 1669 testes
550 1605 613 1668 sint
628 1605 777 1670 audiendi
790 1607 815 1668 si
830 1611 1002 1690 quaeratur
1014 1605 1052 1668 de
1063 1604 1158 1668 rebus
1171 1605 1211 1668 ed
1224 1603 1352 1688 negotia

284 1733 412 1818 publiea
434 1733 667 1818 pertinentibus
690 1735 741 1797 vel
763 1733 802 1797 de
824 1734 919 1816 viris,
951 1735 1006 1819 qui
1021 1735 1098 1818 reip.
1112 1713 1242 1818 operam
1255 1753 1351 1795 nava-

283 1867 368 1925 runt.
394 1861 524 1946 Semper
548 1869 580 1925 et
603 1861 721 1946 ubique
744 1863 886 1925 maxime
909 1861 1074 1945 diligentia
1094 1860 1265 1924 adhibendi
1279 1865 1352 1923 sunt

283 2012 389 2055 rerum
423 1995 567 2054 veterum
600 1991 786 2075 scriptores,
821 2012 955 2075 quorum
985 1991 1011 2053 si
1034 1990 1152 2072 injuria
1174 1995 1353 2074 temporum

284 2123 489 2182 monumenta
517 2118 668 2203 perierint
691 2118 818 2182 omnino
844 2116 1016 2182 tenendum
1041 2116 1244 2181 Comoediam
1259 2115 1353 2179 Anti·

284 2268 380 2331 quam
402 2267 465 2310 non
495 2267 563 2310 esse
581 2267 699 2331 purum
721 2253 753 2310 et
776 2245 943 2332 limpidum
966 2246 1087 2309 iontem
1110 2245 1166 2309 sed
1189 2244 1353 2308 turbidum

284 2377 388 2462 potius
422 2396 458 2438 ae
493 2376 705 2457 lutulentum,
739 2374 795 2438 ubi
829 2374 905 2460 quid
937 2395 1049 2438 verum
1072 2374 1149 2459 quid
1171 2373 1287 2437 falsum
1311 2373 1352 2437 sit

284 2525 510 2590 saepenumero
543 2525 606 2567 non
639 2509 744 2589 potest
778 2503 929 2589 dignosci.
965 2502 1085 2576 Quodsi
1113 2523 1352 2587 nonnumquam

283 2633 381 2718 igitur
412 2654 529 2717 magno
559 2632 729 2697 Comoedia
751 2633 779 2696 ei
802 2633 842 2695 sit
868 2631 1072 2716 adjumento,
1096 2631 1223 2715 quires
1246 2637 1353 2715 gestas

285 2761 530 2825 Atheniensium
564 2761 725 2846 explicare
743 2761 874 2843 nititur,
901 2757 1102 2824 Comieorum
1125 2779 1207 2843 quae
1231 2751 1271 2822 a'd
1295 2779 1353 2822 uos

284 2894 497 2974 pervenerunt
537 2889 690 2973 reliquiae
730 2889 866 2972 intelligi
906 2909 970 2950 non
1003 2893 1136 2973 possunt
1171 2887 1231 2950 nisi
1267 2887 1353 2950 olara

283 3016 445 3081 Historiae
468 3018 526 3080 lux
548 3016 710 3101 affulgeat.

327 3144 402 3208 Jam
425 3146 524 3230 igitur
545 3143 585 3208 ad
607 3145 690 3210 hene
713 3164 857 3207 normam
872 3144 1040 3208 nonnullas
1059 3145 1258 3230 quaestiones
1271 3164 1353 3228 quae

283 3272 324 3337 ad
346 3273 527 3359 Vesperum
549 3273 691 3336 fabulam
714 3273 874 3357 pertinent
899 3273 1058 3337 illustrare
1081 3273 1227 3337 conabor.
