<?xml version="1.0" encoding="UTF-8"?>
<!DOCTYPE html PUBLIC "-//W3C//DTD XHTML 1.0 Transitional//EN"
    "http://www.w3.org/TR/xhtml1/DTD/xhtml1-transitional.dtd">
<html xmlns="http://www.w3.org/1999/xhtml" xml:lang="en" lang="en">
 <head>
  <title>
</title>
<meta http-equiv="Content-Type" content="text/html;charset=utf-8" />
  <meta name='ocr-system' content='tesseract 3.04.00' />
  <meta name='ocr-capabilities' content='ocr_page ocr_carea ocr_par ocr_line ocrx_word'/>
</head>
<body>
  <div class='ocr_page' id='page_1' title='image "./quaestionesdear00hoekgoog_0037.png"; bbox 0 0 3414 5042; ppageno 0'>
   <div class='ocr_carea' id='block_1_1' title="bbox 899 653 939 711">
    <p class='ocr_par' dir='ltr' id='par_1_1' title="bbox 899 653 939 711">
     <span class='ocr_line' id='line_1_1' title="bbox 899 653 939 711; baseline -0.025 0"><span class='ocrx_word' id='word_1_1' title='bbox 899 653 939 711; x_wconf 72' lang='lat'>24</span> 
     </span>
    </p>
   </div>
   <div class='ocr_carea' id='block_1_2' title="bbox 382 851 1457 2976">
    <p class='ocr_par' dir='ltr' id='par_1_2' title="bbox 382 851 1455 1556">
     <span class='ocr_line' id='line_1_2' title="bbox 383 851 1455 938; baseline -0.005 -17"><span class='ocrx_word' id='word_1_2' title='bbox 383 856 523 938; x_wconf 81' lang='lat' dir='ltr'>Quibus,</span> <span class='ocrx_word' id='word_1_3' title='bbox 558 860 593 918; x_wconf 89' lang='lat' dir='ltr'>ut</span> <span class='ocrx_word' id='word_1_4' title='bbox 627 853 763 935; x_wconf 79' lang='lat' dir='ltr'>uidetur,</span> <span class='ocrx_word' id='word_1_5' title='bbox 794 859 889 938; x_wconf 83' lang='lat' dir='ltr'>po&#39;dta</span> <span class='ocrx_word' id='word_1_6' title='bbox 912 851 1028 916; x_wconf 86' lang='lat' dir='ltr'>diserto</span> <span class='ocrx_word' id='word_1_7' title='bbox 1051 853 1222 934; x_wconf 84' lang='lat' dir='ltr'>enunciat,</span> <span class='ocrx_word' id='word_1_8' title='bbox 1246 875 1279 917; x_wconf 91' lang='lat' dir='ltr'>se</span> <span class='ocrx_word' id='word_1_9' title='bbox 1303 852 1386 916; x_wconf 91' lang='lat' dir='ltr'>hanc</span> <span class='ocrx_word' id='word_1_10' title='bbox 1409 853 1455 916; x_wconf 84' lang='lat' dir='ltr'>fa·</span> 
     </span>
     <span class='ocr_line' id='line_1_3' title="bbox 383 979 1454 1065; baseline -0.005 -18"><span class='ocrx_word' id='word_1_11' title='bbox 383 983 492 1048; x_wconf 92' lang='lat' dir='ltr'>bulam</span> <span class='ocrx_word' id='word_1_12' title='bbox 515 1001 578 1046; x_wconf 93' lang='lat' dir='ltr'>non</span> <span class='ocrx_word' id='word_1_13' title='bbox 601 980 641 1045; x_wconf 89' lang='lat' dir='ltr'>ad</span> <span class='ocrx_word' id='word_1_14' title='bbox 665 979 815 1044; x_wconf 78' lang='lat' dir='ltr'>Cleonem</span> <span class='ocrx_word' id='word_1_15' title='bbox 839 979 1032 1065; x_wconf 89' lang='lat' dir='ltr'>carpendum</span> <span class='ocrx_word' id='word_1_16' title='bbox 1057 981 1228 1065; x_wconf 81' lang='lat' dir='ltr'>scripsisse.</span> <span class='ocrx_word' id='word_1_17' title='bbox 1254 979 1323 1043; x_wconf 89' lang='lat' dir='ltr'>Hos</span> <span class='ocrx_word' id='word_1_18' title='bbox 1343 1001 1454 1042; x_wconf 82' lang='lat' dir='ltr'>uersus</span> 
     </span>
     <span class='ocr_line' id='line_1_4' title="bbox 382 1108 1454 1195; baseline -0.006 -21"><span class='ocrx_word' id='word_1_19' title='bbox 382 1110 429 1174; x_wconf 92' lang='lat' dir='ltr'>ita</span> <span class='ocrx_word' id='word_1_20' title='bbox 461 1130 553 1195; x_wconf 90' lang='lat' dir='ltr'>posse</span> <span class='ocrx_word' id='word_1_21' title='bbox 584 1108 751 1194; x_wconf 80' lang='lat' dir='ltr'>explanari</span> <span class='ocrx_word' id='word_1_22' title='bbox 784 1113 820 1170; x_wconf 94' lang='lat' dir='ltr'>ut</span> <span class='ocrx_word' id='word_1_23' title='bbox 855 1128 943 1170; x_wconf 87' lang='lat' dir='ltr'>rneae</span> <span class='ocrx_word' id='word_1_24' title='bbox 977 1108 1153 1172; x_wconf 90' lang='lat' dir='ltr'>sententiae</span> <span class='ocrx_word' id='word_1_25' title='bbox 1187 1129 1251 1170; x_wconf 92' lang='lat' dir='ltr'>non</span> <span class='ocrx_word' id='word_1_26' title='bbox 1275 1112 1454 1192; x_wconf 77' lang='lat' dir='ltr'>repugnent</span> 
     </span>
     <span class='ocr_line' id='line_1_5' title="bbox 383 1232 1454 1322; baseline -0.006 -21"><span class='ocrx_word' id='word_1_27' title='bbox 383 1236 463 1301; x_wconf 91' lang='lat' dir='ltr'>mihi</span> <span class='ocrx_word' id='word_1_28' title='bbox 493 1241 542 1302; x_wconf 88' lang='lat' dir='ltr'>cst</span> <span class='ocrx_word' id='word_1_29' title='bbox 571 1235 768 1322; x_wconf 88' lang='lat' dir='ltr'>propositum</span> <span class='ocrx_word' id='word_1_30' title='bbox 790 1233 955 1298; x_wconf 87' lang='lat' dir='ltr'>ostendere</span> <span class='ocrx_word' id='word_1_31' title='bbox 977 1235 1010 1296; x_wconf 92' lang='lat' dir='ltr'>in</span> <span class='ocrx_word' id='word_1_32' title='bbox 1033 1235 1138 1320; x_wconf 90' lang='lat' dir='ltr'>capite</span> <span class='ocrx_word' id='word_1_33' title='bbox 1163 1235 1308 1319; x_wconf 85' lang='lat' dir='ltr'>sequenti</span> <span class='ocrx_word' id='word_1_34' title='bbox 1330 1233 1385 1297; x_wconf 91' lang='lat' dir='ltr'>ubi</span> <span class='ocrx_word' id='word_1_35' title='bbox 1416 1232 1454 1296; x_wconf 92' lang='lat' dir='ltr'>de</span> 
     </span>
     <span class='ocr_line' id='line_1_6' title="bbox 384 1360 1453 1446; baseline -0.005 -17"><span class='ocrx_word' id='word_1_36' title='bbox 384 1365 444 1429; x_wconf 90' lang='lat' dir='ltr'>hoc</span> <span class='ocrx_word' id='word_1_37' title='bbox 476 1366 544 1429; x_wconf 89' lang='lat' dir='ltr'>loco</span> <span class='ocrx_word' id='word_1_38' title='bbox 576 1363 705 1428; x_wconf 88' lang='lat' dir='ltr'>uberius</span> <span class='ocrx_word' id='word_1_39' title='bbox 738 1383 853 1446; x_wconf 78' lang='lat' dir='ltr'>agam3</span> <span class='ocrx_word' id='word_1_40' title='bbox 884 1382 969 1425; x_wconf 90' lang='lat' dir='ltr'>nunc</span> <span class='ocrx_word' id='word_1_41' title='bbox 999 1383 1081 1446; x_wconf 85' lang='lat' dir='ltr'>qnae</span> <span class='ocrx_word' id='word_1_42' title='bbox 1111 1367 1207 1426; x_wconf 88' lang='lat' dir='ltr'>antea</span> <span class='ocrx_word' id='word_1_43' title='bbox 1229 1360 1377 1425; x_wconf 88' lang='lat' dir='ltr'>contendi</span> <span class='ocrx_word' id='word_1_44' title='bbox 1402 1360 1453 1424; x_wconf 90' lang='lat' dir='ltr'>de·</span> 
     </span>
     <span class='ocr_line' id='line_1_7' title="bbox 384 1489 726 1556; baseline -0.009 0"><span class='ocrx_word' id='word_1_45' title='bbox 384 1498 561 1556; x_wconf 89' lang='lat' dir='ltr'>monstrare</span> <span class='ocrx_word' id='word_1_46' title='bbox 583 1489 726 1554; x_wconf 92' lang='lat' dir='ltr'>studebo.</span> 
     </span>
    </p>

    <p class='ocr_par' dir='ltr' id='par_1_3' title="bbox 383 1615 1457 2976">
     <span class='ocr_line' id='line_1_8' title="bbox 429 1615 1454 1703; baseline -0.005 -20"><span class='ocrx_word' id='word_1_47' title='bbox 429 1619 524 1683; x_wconf 92' lang='lat' dir='ltr'>Omni</span> <span class='ocrx_word' id='word_1_48' title='bbox 559 1625 701 1703; x_wconf 89' lang='lat' dir='ltr'>tempore</span> <span class='ocrx_word' id='word_1_49' title='bbox 735 1617 828 1699; x_wconf 85' lang='lat' dir='ltr'>Cleo,</span> <span class='ocrx_word' id='word_1_50' title='bbox 853 1617 886 1680; x_wconf 92' lang='lat' dir='ltr'>in</span> <span class='ocrx_word' id='word_1_51' title='bbox 910 1615 1027 1680; x_wconf 87' lang='lat' dir='ltr'>haere</span> <span class='ocrx_word' id='word_1_52' title='bbox 1051 1615 1184 1680; x_wconf 84' lang='lat' dir='ltr'>Periclis</span> <span class='ocrx_word' id='word_1_53' title='bbox 1209 1615 1345 1700; x_wconf 85' lang='lat' dir='ltr'>vestigia</span> <span class='ocrx_word' id='word_1_54' title='bbox 1367 1636 1454 1678; x_wconf 91' lang='lat' dir='ltr'>secu·</span> 
     </span>
     <span class='ocr_line' id='line_1_9' title="bbox 383 1741 1454 1830; baseline -0.008 -18"><span class='ocrx_word' id='word_1_55' title='bbox 383 1753 455 1830; x_wconf 89' lang='lat' dir='ltr'>tus,</span> <span class='ocrx_word' id='word_1_56' title='bbox 479 1752 624 1812; x_wconf 83' lang='lat' dir='ltr'>extrema</span> <span class='ocrx_word' id='word_1_57' title='bbox 645 1745 719 1808; x_wconf 91' lang='lat' dir='ltr'>belli</span> <span class='ocrx_word' id='word_1_58' title='bbox 743 1745 889 1829; x_wconf 82' lang='lat' dir='ltr'>persequi</span> <span class='ocrx_word' id='word_1_59' title='bbox 910 1765 1034 1807; x_wconf 89' lang='lat' dir='ltr'>summa</span> <span class='ocrx_word' id='word_1_60' title='bbox 1055 1763 1115 1827; x_wconf 90' lang='lat' dir='ltr'>ope</span> <span class='ocrx_word' id='word_1_61' title='bbox 1125 1742 1298 1807; x_wconf 87' lang='lat' dir='ltr'>nitebatur.</span> <span class='ocrx_word' id='word_1_62' title='bbox 1311 1741 1454 1805; x_wconf 81' lang='lat' dir='ltr'>Tandem</span> 
     </span>
     <span class='ocr_line' id='line_1_10' title="bbox 383 1870 1455 1959; baseline -0.006 -21"><span class='ocrx_word' id='word_1_63' title='bbox 383 1874 554 1959; x_wconf 88' lang='lat' dir='ltr'>aliquando</span> <span class='ocrx_word' id='word_1_64' title='bbox 573 1874 733 1938; x_wconf 87' lang='lat' dir='ltr'>aerumnis</span> <span class='ocrx_word' id='word_1_65' title='bbox 753 1873 828 1936; x_wconf 89' lang='lat' dir='ltr'>belli</span> <span class='ocrx_word' id='word_1_66' title='bbox 846 1873 1013 1956; x_wconf 78' lang='lat' dir='ltr'>longinqui</span> <span class='ocrx_word' id='word_1_67' title='bbox 1033 1871 1214 1954; x_wconf 82' lang='lat' dir='ltr'>defetigati,</span> <span class='ocrx_word' id='word_1_68' title='bbox 1240 1870 1455 1934; x_wconf 80' lang='lat' dir='ltr'>Athenienses</span> 
     </span>
     <span class='ocr_line' id='line_1_11' title="bbox 384 1994 1456 2085; baseline -0.005 -21"><span class='ocrx_word' id='word_1_69' title='bbox 384 2021 495 2085; x_wconf 89' lang='lat' dir='ltr'>pacem</span> <span class='ocrx_word' id='word_1_70' title='bbox 507 2001 727 2085; x_wconf 81' lang='lat' dir='ltr'>concupiscere</span> <span class='ocrx_word' id='word_1_71' title='bbox 739 2002 927 2084; x_wconf 81' lang='lat' dir='ltr'>coeperunt3</span> <span class='ocrx_word' id='word_1_72' title='bbox 941 1998 1064 2062; x_wconf 85' lang='lat' dir='ltr'>Laches</span> <span class='ocrx_word' id='word_1_73' title='bbox 1076 1999 1174 2082; x_wconf 83' lang='lat' dir='ltr'>igitur</span> <span class='ocrx_word' id='word_1_74' title='bbox 1187 1998 1278 2062; x_wconf 90' lang='lat' dir='ltr'>initio</span> <span class='ocrx_word' id='word_1_75' title='bbox 1290 2003 1327 2060; x_wconf 93' lang='lat' dir='ltr'>a⁰</span> <span class='ocrx_word' id='word_1_76' title='bbox 1339 1999 1402 2060; x_wconf 83' lang='lat'>423</span> <span class='ocrx_word' id='word_1_77' title='bbox 1415 1994 1456 2060; x_wconf 93' lang='lat' dir='ltr'>ad</span> 
     </span>
     <span class='ocr_line' id='line_1_12' title="bbox 384 2126 1455 2214; baseline -0.004 -22"><span class='ocrx_word' id='word_1_78' title='bbox 384 2129 538 2214; x_wconf 91' lang='lat' dir='ltr'>populum</span> <span class='ocrx_word' id='word_1_79' title='bbox 558 2127 633 2191; x_wconf 90' lang='lat' dir='ltr'>tulit</span> <span class='ocrx_word' id='word_1_80' title='bbox 655 2133 687 2190; x_wconf 90' lang='lat' dir='ltr'>ct</span> <span class='ocrx_word' id='word_1_81' title='bbox 709 2127 841 2212; x_wconf 91' lang='lat' dir='ltr'>pertulit</span> <span class='ocrx_word' id='word_1_82' title='bbox 864 2132 899 2189; x_wconf 94' lang='lat' dir='ltr'>ut</span> <span class='ocrx_word' id='word_1_83' title='bbox 924 2147 979 2210; x_wconf 91' lang='lat' dir='ltr'>per</span> <span class='ocrx_word' id='word_1_84' title='bbox 998 2127 1094 2190; x_wconf 91' lang='lat' dir='ltr'>unius</span> <span class='ocrx_word' id='word_1_85' title='bbox 1114 2127 1189 2190; x_wconf 88' lang='lat' dir='ltr'>anni</span> <span class='ocrx_word' id='word_1_86' title='bbox 1203 2127 1342 2210; x_wconf 88' lang='lat' dir='ltr'>spatium</span> <span class='ocrx_word' id='word_1_87' title='bbox 1366 2126 1455 2209; x_wconf 91' lang='lat' dir='ltr'>quies</span> 
     </span>
     <span class='ocr_line' id='line_1_13' title="bbox 385 2252 1455 2337; baseline -0.004 -17"><span class='ocrx_word' id='word_1_88' title='bbox 385 2261 467 2320; x_wconf 89' lang='lat' dir='ltr'>esset</span> <span class='ocrx_word' id='word_1_89' title='bbox 491 2253 532 2318; x_wconf 92' lang='lat' dir='ltr'>ab</span> <span class='ocrx_word' id='word_1_90' title='bbox 554 2255 660 2317; x_wconf 88' lang='lat' dir='ltr'>armis.</span> <span class='ocrx_word' id='word_1_91' title='bbox 684 2254 738 2317; x_wconf 80' lang='lat' dir='ltr'>Ex</span> <span class='ocrx_word' id='word_1_92' title='bbox 764 2253 823 2316; x_wconf 93' lang='lat' dir='ltr'>hoc</span> <span class='ocrx_word' id='word_1_93' title='bbox 846 2253 930 2316; x_wconf 84' lang='lat' dir='ltr'>facto</span> <span class='ocrx_word' id='word_1_94' title='bbox 954 2253 1046 2316; x_wconf 89' lang='lat' dir='ltr'>lacile</span> <span class='ocrx_word' id='word_1_95' title='bbox 1068 2254 1198 2337; x_wconf 82' lang='lat' dir='ltr'>colligas</span> <span class='ocrx_word' id='word_1_96' title='bbox 1224 2252 1375 2316; x_wconf 81' lang='lat' dir='ltr'>Cleonem</span> <span class='ocrx_word' id='word_1_97' title='bbox 1398 2254 1455 2316; x_wconf 92' lang='lat' dir='ltr'>mi·</span> 
     </span>
     <span class='ocr_line' id='line_1_14' title="bbox 385 2380 1456 2467; baseline -0.004 -20"><span class='ocrx_word' id='word_1_98' title='bbox 385 2404 445 2448; x_wconf 91' lang='lat' dir='ltr'>nus</span> <span class='ocrx_word' id='word_1_99' title='bbox 476 2403 574 2467; x_wconf 91' lang='lat' dir='ltr'>quam</span> <span class='ocrx_word' id='word_1_100' title='bbox 605 2387 701 2445; x_wconf 88' lang='lat' dir='ltr'>antea</span> <span class='ocrx_word' id='word_1_101' title='bbox 735 2387 811 2444; x_wconf 91' lang='lat' dir='ltr'>tunc</span> <span class='ocrx_word' id='word_1_102' title='bbox 841 2381 979 2447; x_wconf 83' lang='lat' dir='ltr'>valuisse</span> <span class='ocrx_word' id='word_1_103' title='bbox 1008 2380 1093 2466; x_wconf 93' lang='lat' dir='ltr'>apud</span> <span class='ocrx_word' id='word_1_104' title='bbox 1116 2382 1294 2465; x_wconf 88' lang='lat' dir='ltr'>populares.</span> <span class='ocrx_word' id='word_1_105' title='bbox 1320 2381 1456 2444; x_wconf 82' lang='lat' dir='ltr'>Verum·</span> 
     </span>
     <span class='ocr_line' id='line_1_15' title="bbox 384 2507 1455 2593; baseline -0.001 -20"><span class='ocrx_word' id='word_1_106' title='bbox 384 2516 492 2574; x_wconf 91' lang='lat' dir='ltr'>tamen</span> <span class='ocrx_word' id='word_1_107' title='bbox 516 2509 707 2593; x_wconf 85' lang='lat' dir='ltr'>simulatque</span> <span class='ocrx_word' id='word_1_108' title='bbox 730 2507 869 2572; x_wconf 84' lang='lat' dir='ltr'>Athonis</span> <span class='ocrx_word' id='word_1_109' title='bbox 892 2509 1031 2571; x_wconf 91' lang='lat' dir='ltr'>innotuit</span> <span class='ocrx_word' id='word_1_110' title='bbox 1052 2507 1236 2589; x_wconf 89' lang='lat' dir='ltr'>Brasidam‚</span> <span class='ocrx_word' id='word_1_111' title='bbox 1246 2508 1455 2592; x_wconf 88' lang='lat' dir='ltr'>jurejurando</span> 
     </span>
     <span class='ocr_line' id='line_1_16' title="bbox 384 2635 1456 2720; baseline -0.003 -19"><span class='ocrx_word' id='word_1_112' title='bbox 384 2637 550 2720; x_wconf 84' lang='lat' dir='ltr'>neglecto,</span> <span class='ocrx_word' id='word_1_113' title='bbox 582 2655 694 2720; x_wconf 89' lang='lat' dir='ltr'>paoem</span> <span class='ocrx_word' id='word_1_114' title='bbox 728 2635 862 2698; x_wconf 87' lang='lat' dir='ltr'>violasse</span> <span class='ocrx_word' id='word_1_115' title='bbox 895 2635 1000 2698; x_wconf 90' lang='lat' dir='ltr'>subito</span> <span class='ocrx_word' id='word_1_116' title='bbox 1037 2637 1135 2698; x_wconf 89' lang='lat' dir='ltr'>animi</span> <span class='ocrx_word' id='word_1_117' title='bbox 1158 2636 1301 2699; x_wconf 84' lang='lat' dir='ltr'>conversi</span> <span class='ocrx_word' id='word_1_118' title='bbox 1327 2642 1456 2700; x_wconf 91' lang='lat' dir='ltr'>suntet</span> 
     </span>
     <span class='ocr_line' id='line_1_17' title="bbox 386 2761 1456 2849; baseline -0.003 -20"><span class='ocrx_word' id='word_1_119' title='bbox 386 2765 462 2830; x_wconf 92' lang='lat' dir='ltr'>Cleo</span> <span class='ocrx_word' id='word_1_120' title='bbox 480 2765 514 2828; x_wconf 94' lang='lat' dir='ltr'>in</span> <span class='ocrx_word' id='word_1_121' title='bbox 537 2764 673 2848; x_wconf 86' lang='lat' dir='ltr'>gratiam</span> <span class='ocrx_word' id='word_1_122' title='bbox 697 2761 783 2847; x_wconf 92' lang='lat' dir='ltr'>apud</span> <span class='ocrx_word' id='word_1_123' title='bbox 807 2765 891 2827; x_wconf 88' lang='lat' dir='ltr'>cives</span> <span class='ocrx_word' id='word_1_124' title='bbox 915 2764 1018 2828; x_wconf 89' lang='lat' dir='ltr'>rediit.</span> <span class='ocrx_word' id='word_1_125' title='bbox 1040 2763 1214 2829; x_wconf 83' lang='lat' dir='ltr'>Confestim</span> <span class='ocrx_word' id='word_1_126' title='bbox 1227 2765 1344 2849; x_wconf 91' lang='lat' dir='ltr'>populo</span> <span class='ocrx_word' id='word_1_127' title='bbox 1357 2765 1456 2828; x_wconf 81' lang='lat' dir='ltr'>suasit</span> 
     </span>
     <span class='ocr_line' id='line_1_18' title="bbox 385 2890 1457 2976; baseline -0.001 -20"><span class='ocrx_word' id='word_1_128' title='bbox 385 2893 513 2956; x_wconf 85' lang='lat' dir='ltr'>bellum·</span> <span class='ocrx_word' id='word_1_129' title='bbox 527 2892 561 2954; x_wconf 91' lang='lat' dir='ltr'>in</span> <span class='ocrx_word' id='word_1_130' title='bbox 582 2890 719 2955; x_wconf 88' lang='lat' dir='ltr'>Thracia</span> <span class='ocrx_word' id='word_1_131' title='bbox 738 2912 908 2973; x_wconf 84' lang='lat' dir='ltr'>renouare,</span> <span class='ocrx_word' id='word_1_132' title='bbox 928 2891 1062 2956; x_wconf 85' lang='lat' dir='ltr'>Scionen</span> <span class='ocrx_word' id='word_1_133' title='bbox 1074 2891 1178 2956; x_wconf 92' lang='lat' dir='ltr'>delere</span> <span class='ocrx_word' id='word_1_134' title='bbox 1190 2892 1457 2976; x_wconf 87' lang='lat' dir='ltr'>quemadmodum</span> 
     </span>
    </p>
   </div>
   <div class='ocr_carea' id='block_1_3' title="bbox 385 3019 1455 3105">
    <p class='ocr_par' dir='ltr' id='par_1_4' title="bbox 385 3019 1455 3105">
     <span class='ocr_line' id='line_1_19' title="bbox 385 3019 1455 3105; baseline 0 -21"><span class='ocrx_word' id='word_1_135' title='bbox 385 3022 460 3085; x_wconf 92' lang='lat' dir='ltr'>clim</span> <span class='ocrx_word' id='word_1_136' title='bbox 494 3019 649 3083; x_wconf 85' lang='lat' dir='ltr'>saevierat</span> <span class='ocrx_word' id='word_1_137' title='bbox 672 3019 705 3082; x_wconf 93' lang='lat' dir='ltr'>in</span> <span class='ocrx_word' id='word_1_138' title='bbox 730 3019 950 3104; x_wconf 89' lang='lat' dir='ltr'>Mytileuacos.</span> <span class='ocrx_word' id='word_1_139' title='bbox 964 3020 995 3102; x_wconf 85' lang='lat'>*)</span> <span class='ocrx_word' id='word_1_140' title='bbox 1028 3019 1075 3083; x_wconf 90' lang='lat' dir='ltr'>Ut</span> <span class='ocrx_word' id='word_1_141' title='bbox 1098 3019 1265 3105; x_wconf 89' lang='lat' dir='ltr'>impediret</span> <span class='ocrx_word' id='word_1_142' title='bbox 1288 3021 1455 3104; x_wconf 89' lang='lat' dir='ltr'>quominus</span> 
     </span>
    </p>
   </div>
   <div class='ocr_carea' id='block_1_4' title="bbox 386 3349 1457 3842">
    <p class='ocr_par' dir='ltr' id='par_1_5' title="bbox 386 3349 1457 3842">
     <span class='ocr_line' id='line_1_20' title="bbox 417 3349 1279 3416; baseline 0 -16"><span class='ocrx_word' id='word_1_143' title='bbox 417 3349 444 3414; x_wconf 73' lang='lat' dir='ltr'>*l</span> <span class='ocrx_word' id='word_1_144' title='bbox 462 3349 502 3400; x_wconf 81' lang='lat' dir='ltr'>Ad</span> <span class='ocrx_word' id='word_1_145' title='bbox 520 3350 617 3400; x_wconf 81' lang='lat' dir='ltr'>Sciones</span> <span class='ocrx_word' id='word_1_146' title='bbox 635 3350 794 3400; x_wconf 85' lang='lat' dir='ltr'>delectionem</span> <span class='ocrx_word' id='word_1_147' title='bbox 809 3350 956 3416; x_wconf 87' lang='lat' dir='ltr'>Bdelycleon</span> <span class='ocrx_word' id='word_1_148' title='bbox 974 3350 1066 3401; x_wconf 82' lang='lat' dir='ltr'>alludit</span> <span class='ocrx_word' id='word_1_149' title='bbox 1082 3351 1156 3414; x_wconf 83' lang='lat' dir='ltr'>Vesp.</span> <span class='ocrx_word' id='word_1_150' title='bbox 1176 3366 1212 3400; x_wconf 81' lang='lat' dir='ltr'>vs.</span> <span class='ocrx_word' id='word_1_151' title='bbox 1230 3353 1279 3401; x_wconf 74' lang='lat'>209</span> 
     </span>
     <span class='ocr_line' id='line_1_21' title="bbox 962 3447 1352 3523; baseline -0.005 -17"><span class='ocrx_word' id='word_1_152' title='bbox 962 3462 994 3523; x_wconf 74' lang='grc' dir='ltr'>νὴ</span> <span class='ocrx_word' id='word_1_153' title='bbox 1013 3453 1061 3504; x_wconf 74' lang='grc' dir='ltr'>Δί’</span> <span class='ocrx_word' id='word_1_154' title='bbox 1080 3447 1096 3522; x_wconf 75' lang='grc' dir='ltr'><strong><em>ἦ</em></strong></span> <span class='ocrx_word' id='word_1_155' title='bbox 1115 3477 1159 3517; x_wconf 78' lang='grc' dir='ltr'>μοι</span> <span class='ocrx_word' id='word_1_156' title='bbox 1177 3465 1300 3521; x_wconf 77' lang='grc' dir='ltr'>κρεῖιτον</span> <span class='ocrx_word' id='word_1_157' title='bbox 1319 3447 1352 3520; x_wconf 71' lang='grc' dir='ltr'>ἦν</span> 
     </span>
     <span class='ocr_line' id='line_1_22' title="bbox 578 3563 1208 3629; baseline 0 -17"><span class='ocrx_word' id='word_1_158' title='bbox 578 3571 670 3628; x_wconf 69' lang='grc' dir='ltr'><em>τηρεῖν</em></span> <span class='ocrx_word' id='word_1_159' title='bbox 688 3563 809 3629; x_wconf 78' lang='grc' dir='ltr'><em>Σκιώνην</em></span> <span class='ocrx_word' id='word_1_160' title='bbox 828 3565 890 3612; x_wconf 75' lang='grc' dir='ltr'>ἀντὶ</span> <span class='ocrx_word' id='word_1_161' title='bbox 909 3566 1010 3614; x_wconf 63' lang='grc' dir='ltr'><em>τοὺτου</em></span> <span class='ocrx_word' id='word_1_162' title='bbox 1027 3569 1076 3614; x_wconf 81' lang='grc' dir='ltr'>τοῦ</span> <span class='ocrx_word' id='word_1_163' title='bbox 1097 3565 1208 3628; x_wconf 75' lang='grc' dir='ltr'><em>πατρὸς.</em></span> 
     </span>
     <span class='ocr_line' id='line_1_23' title="bbox 419 3668 1457 3735; baseline -0.002 -16"><span class='ocrx_word' id='word_1_164' title='bbox 419 3669 482 3719; x_wconf 85' lang='lat' dir='ltr'>Sunt</span> <span class='ocrx_word' id='word_1_165' title='bbox 505 3670 556 3720; x_wconf 87' lang='lat' dir='ltr'>alia</span> <span class='ocrx_word' id='word_1_166' title='bbox 571 3684 668 3735; x_wconf 89' lang='lat' dir='ltr'>quoquc</span> <span class='ocrx_word' id='word_1_167' title='bbox 684 3671 710 3720; x_wconf 89' lang='lat' dir='ltr'>in</span> <span class='ocrx_word' id='word_1_168' title='bbox 727 3672 837 3720; x_wconf 87' lang='lat' dir='ltr'>nostram</span> <span class='ocrx_word' id='word_1_169' title='bbox 855 3670 1002 3720; x_wconf 88' lang='lat' dir='ltr'>comoediam</span> <span class='ocrx_word' id='word_1_170' title='bbox 1020 3672 1114 3721; x_wconf 85' lang='lat' dir='ltr'>inserta</span> <span class='ocrx_word' id='word_1_171' title='bbox 1130 3671 1248 3720; x_wconf 84' lang='lat' dir='ltr'>miserum</span> <span class='ocrx_word' id='word_1_172' title='bbox 1266 3672 1361 3720; x_wconf 83' lang='lat' dir='ltr'>statum</span> <span class='ocrx_word' id='word_1_173' title='bbox 1381 3668 1457 3718; x_wconf 82' lang='lat' dir='ltr'>Atho·</span> 
     </span>
     <span class='ocr_line' id='line_1_24' title="bbox 386 3773 1457 3842; baseline -0.002 -16"><span class='ocrx_word' id='word_1_174' title='bbox 386 3791 473 3826; x_wconf 86' lang='lat' dir='ltr'>narum</span> <span class='ocrx_word' id='word_1_175' title='bbox 490 3775 564 3840; x_wconf 88' lang='lat' dir='ltr'>probe</span> <span class='ocrx_word' id='word_1_176' title='bbox 581 3776 755 3842; x_wconf 85' lang='lat' dir='ltr'>significantia.</span> <span class='ocrx_word' id='word_1_177' title='bbox 773 3776 814 3826; x_wconf 86' lang='lat' dir='ltr'>Sic</span> <span class='ocrx_word' id='word_1_178' title='bbox 838 3776 933 3827; x_wconf 86' lang='lat' dir='ltr'>Chorus</span> <span class='ocrx_word' id='word_1_179' title='bbox 948 3791 1052 3840; x_wconf 86' lang='lat' dir='ltr'>puerum</span> <span class='ocrx_word' id='word_1_180' title='bbox 1067 3775 1249 3840; x_wconf 82' lang='lat' dir='ltr'>praelucentem</span> <span class='ocrx_word' id='word_1_181' title='bbox 1265 3776 1375 3839; x_wconf 85' lang='lat' dir='ltr'>increpat</span> <span class='ocrx_word' id='word_1_182' title='bbox 1392 3773 1457 3838; x_wconf 87' lang='lat' dir='ltr'>quod</span> 
     </span>
    </p>
   </div>
   <div class='ocr_carea' id='block_1_5' title="bbox 385 3881 1457 3948">
    <p class='ocr_par' dir='ltr' id='par_1_6' title="bbox 385 3881 1457 3948">
     <span class='ocr_line' id='line_1_25' title="bbox 385 3881 1457 3948; baseline -0.002 -16"><span class='ocrx_word' id='word_1_183' title='bbox 385 3881 466 3948; x_wconf 86' lang='lat' dir='ltr'>digito</span> <span class='ocrx_word' id='word_1_184' title='bbox 482 3881 636 3948; x_wconf 86' lang='lat' dir='ltr'>ellychnium</span> <span class='ocrx_word' id='word_1_185' title='bbox 651 3882 766 3932; x_wconf 86' lang='lat' dir='ltr'>lucernae</span> <span class='ocrx_word' id='word_1_186' title='bbox 782 3885 935 3947; x_wconf 82' lang='lat' dir='ltr'>promoveret</span> <span class='ocrx_word' id='word_1_187' title='bbox 951 3881 997 3932; x_wconf 74' lang='grc' dir='ltr'>καί</span> <span class='ocrx_word' id='word_1_188' title='bbox 1015 3887 1107 3932; x_wconf 68' lang='grc' dir='ltr'><em>ταῦτα</em></span> <span class='ocrx_word' id='word_1_189' title='bbox 1121 3882 1251 3932; x_wconf 74' lang='grc' dir='ltr'><strong><em>τούλαίου</em></strong></span> <span class='ocrx_word' id='word_1_190' title='bbox 1271 3883 1457 3946; x_wconf 67' lang='grc' dir='ltr'><strong><em>στιινίζονιος.</em></strong></span> 
     </span>
    </p>
   </div>
   <div class='ocr_carea' id='block_1_6' title="bbox 303 3990 497 4040">
    <p class='ocr_par' dir='ltr' id='par_1_7' title="bbox 303 3990 497 4040">
     <span class='ocr_line' id='line_1_26' title="bbox 303 3990 497 4040; baseline -0.01 0"><span class='ocrx_word' id='word_1_191' title='bbox 303 3991 310 4000; x_wconf 91' lang='grc'><em>“</em></span> <span class='ocrx_word' id='word_1_192' title='bbox 385 4003 421 4040; x_wconf 86' lang='lat' dir='ltr'>vs</span> <span class='ocrx_word' id='word_1_193' title='bbox 440 3990 497 4039; x_wconf 79' lang='lat'><strong>225.</strong></span> 
     </span>
    </p>
   </div>
   <div class='ocr_carea' id='block_1_7' title="bbox 386 4093 1457 4266">
    <p class='ocr_par' dir='ltr' id='par_1_8' title="bbox 386 4093 1457 4266">
     <span class='ocr_line' id='line_1_27' title="bbox 418 4093 1457 4162; baseline 0.002 -20"><span class='ocrx_word' id='word_1_194' title='bbox 418 4093 507 4143; x_wconf 90' lang='lat' dir='ltr'>Paullo</span> <span class='ocrx_word' id='word_1_195' title='bbox 531 4097 588 4158; x_wconf 89' lang='lat' dir='ltr'>post</span> <span class='ocrx_word' id='word_1_196' title='bbox 613 4094 708 4144; x_wconf 87' lang='lat' dir='ltr'>Chorus</span> <span class='ocrx_word' id='word_1_197' title='bbox 734 4109 810 4160; x_wconf 86' lang='lat' dir='ltr'>puero</span> <span class='ocrx_word' id='word_1_198' title='bbox 836 4098 881 4161; x_wconf 85' lang='lat' dir='ltr'>qni</span> <span class='ocrx_word' id='word_1_199' title='bbox 905 4097 966 4146; x_wconf 90' lang='lat' dir='ltr'>flcus</span> <span class='ocrx_word' id='word_1_200' title='bbox 988 4097 1019 4146; x_wconf 89' lang='lat' dir='ltr'>ab</span> <span class='ocrx_word' id='word_1_201' title='bbox 1037 4111 1064 4146; x_wconf 88' lang='lat' dir='ltr'>co</span> <span class='ocrx_word' id='word_1_202' title='bbox 1080 4099 1180 4162; x_wconf 85' lang='lat' dir='ltr'>rogarat</span> <span class='ocrx_word' id='word_1_203' title='bbox 1197 4095 1326 4160; x_wconf 89' lang='lat' dir='ltr'>respondet</span> <span class='ocrx_word' id='word_1_204' title='bbox 1344 4110 1369 4144; x_wconf 90' lang='lat' dir='ltr'>se</span> <span class='ocrx_word' id='word_1_205' title='bbox 1387 4095 1457 4145; x_wconf 88' lang='lat' dir='ltr'>nullo</span> 
     </span>
     <span class='ocr_line' id='line_1_28' title="bbox 386 4199 807 4266; baseline 0.005 -16"><span class='ocrx_word' id='word_1_206' title='bbox 386 4199 457 4250; x_wconf 88' lang='lat' dir='ltr'>modo</span> <span class='ocrx_word' id='word_1_207' title='bbox 473 4203 496 4251; x_wconf 90' lang='lat' dir='ltr'>ei</span> <span class='ocrx_word' id='word_1_208' title='bbox 513 4216 585 4266; x_wconf 86' lang='lat' dir='ltr'>posse</span> <span class='ocrx_word' id='word_1_209' title='bbox 600 4215 691 4251; x_wconf 87' lang='lat' dir='ltr'>morem</span> <span class='ocrx_word' id='word_1_210' title='bbox 707 4217 807 4266; x_wconf 84' lang='lat' dir='ltr'>gerere:</span> 
     </span>
    </p>
   </div>
   <div class='ocr_carea' id='block_1_8' title="bbox 567 4307 1081 4372">
    <p class='ocr_par' dir='ltr' id='par_1_9' title="bbox 567 4307 1081 4372">
     <span class='ocr_line' id='line_1_29' title="bbox 567 4307 1081 4372; baseline 0.008 -18"><span class='ocrx_word' id='word_1_211' title='bbox 567 4308 620 4355; x_wconf 75' lang='grc' dir='ltr'>ἀπὸ</span> <span class='ocrx_word' id='word_1_212' title='bbox 640 4309 691 4368; x_wconf 81' lang='grc' dir='ltr'>γὰρ</span> <span class='ocrx_word' id='word_1_213' title='bbox 710 4307 795 4356; x_wconf 69' lang='grc' dir='ltr'><em>τοῦδέ</em></span> <span class='ocrx_word' id='word_1_214' title='bbox 812 4327 844 4367; x_wconf 68' lang='grc' dir='ltr'>με</span> <span class='ocrx_word' id='word_1_215' title='bbox 867 4311 913 4358; x_wconf 77' lang='grc' dir='ltr'>τοῦ</span> <span class='ocrx_word' id='word_1_216' title='bbox 934 4311 1081 4372; x_wconf 74' lang='lat' dir='ltr'>prodaplcn</span> 
     </span>
    </p>
   </div>
   <div class='ocr_carea' id='block_1_9' title="bbox 0 0 1717 5042">
    <p class='ocr_par' dir='ltr' id='par_1_10' title="bbox 0 0 1717 5042">
     <span class='ocr_line' id='line_1_30' title="bbox 0 0 1717 5042; baseline 0 0"><span class='ocrx_word' id='word_1_217' title='bbox 0 0 1717 5042; x_wconf 95' lang='lat' dir='ltr'> </span> 
     </span>
    </p>
   </div>
  </div>
 </body>
</html>
