<?xml version="1.0" encoding="UTF-8"?>
<!DOCTYPE html PUBLIC "-//W3C//DTD XHTML 1.0 Transitional//EN"
    "http://www.w3.org/TR/xhtml1/DTD/xhtml1-transitional.dtd">
<html xmlns="http://www.w3.org/1999/xhtml" xml:lang="en" lang="en">
 <head>
  <title>
</title>
<meta http-equiv="Content-Type" content="text/html;charset=utf-8" />
  <meta name='ocr-system' content='tesseract 3.04.00' />
  <meta name='ocr-capabilities' content='ocr_page ocr_carea ocr_par ocr_line ocrx_word'/>
</head>
<body>
  <div class='ocr_page' id='page_1' title='image "./quaestionesdear00hoekgoog_0032.png"; bbox 0 0 3414 5042; ppageno 0'>
   <div class='ocr_carea' id='block_1_1' title="bbox 782 622 819 680">
    <p class='ocr_par' dir='ltr' id='par_1_1' title="bbox 782 622 819 680">
     <span class='ocr_line' id='line_1_1' title="bbox 782 622 819 680; baseline 0 0"><span class='ocrx_word' id='word_1_1' title='bbox 782 622 819 680; x_wconf 80' lang='lat' dir='ltr'><strong>lc</strong></span> 
     </span>
    </p>
   </div>
   <div class='ocr_carea' id='block_1_2' title="bbox 264 816 1333 911">
    <p class='ocr_par' dir='ltr' id='par_1_2' title="bbox 264 816 1333 911">
     <span class='ocr_line' id='line_1_2' title="bbox 264 816 1333 911; baseline 0.008 -32"><span class='ocrx_word' id='word_1_2' title='bbox 264 816 462 900; x_wconf 89' lang='lat' dir='ltr'><strong>publicorum</strong></span> <span class='ocrx_word' id='word_1_3' title='bbox 485 839 558 902; x_wconf 85' lang='lat' dir='ltr'><strong>pars</strong></span> <span class='ocrx_word' id='word_1_4' title='bbox 580 820 613 881; x_wconf 92' lang='lat' dir='ltr'><strong>in</strong></span> <span class='ocrx_word' id='word_1_5' title='bbox 637 842 734 884; x_wconf 89' lang='lat' dir='ltr'><strong>manu</strong></span> <span class='ocrx_word' id='word_1_6' title='bbox 757 829 839 886; x_wconf 89' lang='lat' dir='ltr'><strong>esset</strong></span> <span class='ocrx_word' id='word_1_7' title='bbox 862 821 920 884; x_wconf 74' lang='grc' dir='ltr'><strong>πῶν</strong></span> <span class='ocrx_word' id='word_1_8' title='bbox 946 829 1067 886; x_wconf 81' lang='grc' dir='ltr'><em>πολλῶν</em></span> <span class='ocrx_word' id='word_1_9' title='bbox 1093 827 1144 889; x_wconf 86' lang='lat' dir='ltr'><strong>vel</strong></span> <span class='ocrx_word' id='word_1_10' title='bbox 1156 827 1261 911; x_wconf 93' lang='lat' dir='ltr'><strong>potius</strong></span> <span class='ocrx_word' id='word_1_11' title='bbox 1274 825 1333 888; x_wconf 79' lang='grc' dir='ltr'><strong>τῶν</strong></span> 
     </span>
    </p>
   </div>
   <div class='ocr_carea' id='block_1_3' title="bbox 251 942 1334 4357">
    <p class='ocr_par' dir='ltr' id='par_1_3' title="bbox 251 942 1334 4357">
     <span class='ocr_line' id='line_1_3' title="bbox 264 942 1332 1036; baseline 0.013 -30"><span class='ocrx_word' id='word_1_12' title='bbox 264 942 471 1024; x_wconf 74' lang='grc' dir='ltr'><em>διμογωγῶν,</em></span> <span class='ocrx_word' id='word_1_13' title='bbox 495 947 610 1030; x_wconf 92' lang='lat' dir='ltr'><strong>quibus</strong></span> <span class='ocrx_word' id='word_1_14' title='bbox 632 948 665 1012; x_wconf 91' lang='lat' dir='ltr'><strong>in</strong></span> <span class='ocrx_word' id='word_1_15' title='bbox 683 950 829 1013; x_wconf 90' lang='lat' dir='ltr'><strong>omnibus</strong></span> <span class='ocrx_word' id='word_1_16' title='bbox 843 950 937 1014; x_wconf 94' lang='lat' dir='ltr'><strong>rebus</strong></span> <span class='ocrx_word' id='word_1_17' title='bbox 950 954 1086 1036; x_wconf 91' lang='lat' dir='ltr'><strong>populus</strong></span> <span class='ocrx_word' id='word_1_18' title='bbox 1105 960 1174 1018; x_wconf 95' lang='lat' dir='ltr'><strong>erat</strong></span> <span class='ocrx_word' id='word_1_19' title='bbox 1198 953 1332 1020; x_wconf 91' lang='lat' dir='ltr'><strong>deditus.</strong></span> 
     </span>
     <span class='ocr_line' id='line_1_4' title="bbox 308 1071 1334 1166; baseline 0.013 -31"><span class='ocrx_word' id='word_1_20' title='bbox 308 1071 347 1136; x_wconf 96' lang='lat' dir='ltr'><strong>In</strong></span> <span class='ocrx_word' id='word_1_21' title='bbox 367 1073 512 1137; x_wconf 90' lang='lat' dir='ltr'><strong>omnibus</strong></span> <span class='ocrx_word' id='word_1_22' title='bbox 534 1075 600 1139; x_wconf 85' lang='lat' dir='ltr'><strong>fere</strong></span> <span class='ocrx_word' id='word_1_23' title='bbox 621 1077 789 1142; x_wconf 89' lang='lat' dir='ltr'><strong>comoediis</strong></span> <span class='ocrx_word' id='word_1_24' title='bbox 801 1080 987 1164; x_wconf 85' lang='lat' dir='ltr'><strong>singulatim</strong></span> <span class='ocrx_word' id='word_1_25' title='bbox 999 1078 1233 1166; x_wconf 82' lang='lat' dir='ltr'><strong>Aristophanes</strong></span> <span class='ocrx_word' id='word_1_26' title='bbox 1245 1083 1334 1147; x_wconf 88' lang='lat' dir='ltr'><strong>illam</strong></span> 
     </span>
     <span class='ocr_line' id='line_1_5' title="bbox 263 1201 1167 1290; baseline 0.01 -26"><span class='ocrx_word' id='word_1_27' title='bbox 263 1201 463 1286; x_wconf 88' lang='lat' dir='ltr'><strong>popularium</strong></span> <span class='ocrx_word' id='word_1_28' title='bbox 486 1201 662 1282; x_wconf 78' lang='grc' dir='ltr'><em>φιλοδικίοον</em></span> <span class='ocrx_word' id='word_1_29' title='bbox 684 1206 882 1290; x_wconf 85' lang='lat' dir='ltr'><strong>perstrinxit.</strong></span> <span class='ocrx_word' id='word_1_30' title='bbox 907 1206 1001 1272; x_wconf 82' lang='lat' dir='ltr'><strong>Pacis</strong></span> <span class='ocrx_word' id='word_1_31' title='bbox 1023 1230 1070 1274; x_wconf 84' lang='lat' dir='ltr'><strong>vs.</strong></span> <span class='ocrx_word' id='word_1_32' title='bbox 1094 1211 1167 1273; x_wconf 85' lang='lat'>505.</span> 
     </span>
     <span class='ocr_line' id='line_1_6' title="bbox 306 1328 1082 1420; baseline 0.01 -29"><span class='ocrx_word' id='word_1_33' title='bbox 306 1328 442 1395; x_wconf 89' lang='lat' dir='ltr'><strong>Hermes</strong></span> <span class='ocrx_word' id='word_1_34' title='bbox 465 1330 679 1397; x_wconf 81' lang='lat' dir='ltr'><strong>Athenienses</strong></span> <span class='ocrx_word' id='word_1_35' title='bbox 701 1333 844 1420; x_wconf 80' lang='lat' dir='ltr'><strong>increpat</strong></span> <span class='ocrx_word' id='word_1_36' title='bbox 868 1334 954 1400; x_wconf 92' lang='lat' dir='ltr'><strong>hisce</strong></span> <span class='ocrx_word' id='word_1_37' title='bbox 977 1336 1082 1399; x_wconf 85' lang='lat' dir='ltr'><strong>verbis</strong></span> 
     </span>
     <span class='ocr_line' id='line_1_7' title="bbox 435 1457 1099 1543; baseline 0.011 -23"><span class='ocrx_word' id='word_1_38' title='bbox 435 1457 517 1522; x_wconf 76' lang='grc' dir='ltr'><em>οὐδὲν</em></span> <span class='ocrx_word' id='word_1_39' title='bbox 540 1459 603 1539; x_wconf 71' lang='grc' dir='ltr'><strong>γὰρ</strong></span> <span class='ocrx_word' id='word_1_40' title='bbox 625 1457 705 1524; x_wconf 77' lang='grc' dir='ltr'><em>ἄλλο</em></span> <span class='ocrx_word' id='word_1_41' title='bbox 727 1461 820 1540; x_wconf 68' lang='lat' dir='ltr'><strong>ipsias</strong></span> <span class='ocrx_word' id='word_1_42' title='bbox 842 1462 924 1536; x_wconf 71' lang='grc' dir='ltr'><em>πλὴν</em></span> <span class='ocrx_word' id='word_1_43' title='bbox 948 1461 1099 1543; x_wconf 73' lang='grc' dir='ltr'><em>δικάζετε.</em></span> 
     </span>
     <span class='ocr_line' id='line_1_8' title="bbox 304 1583 1332 1678; baseline 0.01 -30"><span class='ocrx_word' id='word_1_44' title='bbox 304 1583 474 1672; x_wconf 79' lang='lat' dir='ltr'><strong>Euelpides</strong></span> <span class='ocrx_word' id='word_1_45' title='bbox 495 1587 615 1652; x_wconf 86' lang='lat' dir='ltr'><strong>Avium</strong></span> <span class='ocrx_word' id='word_1_46' title='bbox 639 1611 685 1654; x_wconf 85' lang='lat' dir='ltr'><strong>vs.</strong></span> <span class='ocrx_word' id='word_1_47' title='bbox 711 1593 751 1654; x_wconf 85' lang='lat'><strong>38</strong></span> <span class='ocrx_word' id='word_1_48' title='bbox 772 1591 933 1655; x_wconf 86' lang='lat' dir='ltr'><strong>contendit</strong></span> <span class='ocrx_word' id='word_1_49' title='bbox 956 1593 1120 1678; x_wconf 86' lang='lat' dir='ltr'><strong>proprium</strong></span> <span class='ocrx_word' id='word_1_50' title='bbox 1143 1613 1211 1657; x_wconf 92' lang='lat' dir='ltr'><strong>esse</strong></span> <span class='ocrx_word' id='word_1_51' title='bbox 1230 1591 1332 1658; x_wconf 88' lang='lat' dir='ltr'><strong>Athe·</strong></span> 
     </span>
     <span class='ocr_line' id='line_1_9' title="bbox 259 1713 1066 1804; baseline 0.007 -28"><span class='ocrx_word' id='word_1_52' title='bbox 259 1713 416 1778; x_wconf 92' lang='lat' dir='ltr'><strong>niensium</strong></span> <span class='ocrx_word' id='word_1_53' title='bbox 438 1735 506 1778; x_wconf 91' lang='lat' dir='ltr'><strong>rem</strong></span> <span class='ocrx_word' id='word_1_54' title='bbox 528 1716 716 1782; x_wconf 86' lang='lat' dir='ltr'><strong>familiarem</strong></span> <span class='ocrx_word' id='word_1_55' title='bbox 738 1718 892 1802; x_wconf 84' lang='lat' dir='ltr'><strong>litigando</strong></span> <span class='ocrx_word' id='word_1_56' title='bbox 914 1718 1066 1804; x_wconf 85' lang='lat' dir='ltr'><strong>perdere:</strong></span> 
     </span>
     <span class='ocr_line' id='line_1_10' title="bbox 389 1842 1176 1926; baseline 0.006 -21"><span class='ocrx_word' id='word_1_57' title='bbox 389 1842 603 1920; x_wconf 65' lang='grc' dir='ltr'><strong>ἀνεπτόμεσθ’</strong></span> <span class='ocrx_word' id='word_1_58' title='bbox 628 1845 662 1907; x_wconf 85' lang='grc' dir='ltr'><strong>ἐκ</strong></span> <span class='ocrx_word' id='word_1_59' title='bbox 684 1852 739 1918; x_wconf 72' lang='grc' dir='ltr'><strong>τῆς</strong></span> <span class='ocrx_word' id='word_1_60' title='bbox 764 1844 906 1924; x_wconf 74' lang='grc' dir='ltr'><strong>πατρίδος</strong></span> <span class='ocrx_word' id='word_1_61' title='bbox 929 1846 1050 1926; x_wconf 69' lang='grc' dir='ltr'><em>ἀμφοῖν</em></span> <span class='ocrx_word' id='word_1_62' title='bbox 1076 1846 1176 1910; x_wconf 74' lang='grc' dir='ltr'><em>ποδοῖν</em></span> 
     </span>
     <span class='ocr_line' id='line_1_11' title="bbox 389 1970 1113 2063; baseline 0.004 -29"><span class='ocrx_word' id='word_1_63' title='bbox 389 1970 486 2044; x_wconf 65' lang='grc' dir='ltr'><em>αὐτὴν</em></span> <span class='ocrx_word' id='word_1_64' title='bbox 509 1971 566 2048; x_wconf 76' lang='grc' dir='ltr'><strong>μὲν</strong></span> <span class='ocrx_word' id='word_1_65' title='bbox 589 1973 622 2036; x_wconf 82' lang='grc' dir='ltr'><strong>οὐ</strong></span> <span class='ocrx_word' id='word_1_66' title='bbox 645 1976 783 2049; x_wconf 75' lang='grc' dir='ltr'><strong>μισοῦντ’</strong></span> <span class='ocrx_word' id='word_1_67' title='bbox 809 1973 922 2048; x_wconf 72' lang='grc' dir='ltr'><em>ἐκείνην</em></span> <span class='ocrx_word' id='word_1_68' title='bbox 945 1975 999 2063; x_wconf 66' lang='grc' dir='ltr'><strong>τὴν</strong></span> <span class='ocrx_word' id='word_1_69' title='bbox 1023 1974 1113 2039; x_wconf 79' lang='grc' dir='ltr'><em>πόλιν</em></span> 
     </span>
     <span class='ocr_line' id='line_1_12' title="bbox 388 2098 1144 2182; baseline 0.007 -22"><span class='ocrx_word' id='word_1_70' title='bbox 388 2098 422 2161; x_wconf 83' lang='grc' dir='ltr'><strong>πὸ</strong></span> <span class='ocrx_word' id='word_1_71' title='bbox 446 2098 491 2174; x_wconf 72' lang='grc' dir='ltr'><strong>μὴ</strong></span> <span class='ocrx_word' id='word_1_72' title='bbox 511 2099 545 2164; x_wconf 81' lang='grc' dir='ltr'><strong>οὐ</strong></span> <span class='ocrx_word' id='word_1_73' title='bbox 568 2100 715 2178; x_wconf 67' lang='grc' dir='ltr'><em>μεγάλην</em></span> <span class='ocrx_word' id='word_1_74' title='bbox 740 2103 814 2166; x_wconf 78' lang='grc' dir='ltr'><em>εἶνοιι</em></span> <span class='ocrx_word' id='word_1_75' title='bbox 838 2099 932 2182; x_wconf 80' lang='grc' dir='ltr'><em>Φύσει</em></span> <span class='ocrx_word' id='word_1_76' title='bbox 956 2101 1144 2180; x_wconf 67' lang='grc' dir='ltr'><strong>κεύδαίμονα</strong></span> 
     </span>
     <span class='ocr_line' id='line_1_13' title="bbox 388 2227 1057 2310; baseline 0.009 -22"><span class='ocrx_word' id='word_1_77' title='bbox 388 2227 441 2291; x_wconf 76' lang='lat' dir='ltr'><strong>cxl</strong></span> <span class='ocrx_word' id='word_1_78' title='bbox 465 2238 542 2292; x_wconf 82' lang='grc' dir='ltr'><em>ποῖοι</em></span> <span class='ocrx_word' id='word_1_79' title='bbox 565 2231 662 2309; x_wconf 78' lang='grc' dir='ltr'><em>κοινὴν</em></span> <span class='ocrx_word' id='word_1_80' title='bbox 685 2229 866 2294; x_wconf 82' lang='grc' dir='ltr'><em>ε’νοιποπῖπιιι</em></span> <span class='ocrx_word' id='word_1_81' title='bbox 888 2236 1057 2310; x_wconf 66' lang='grc' dir='ltr'><strong>χοήμοιποι.ι</strong></span> 
     </span>
     <span class='ocr_line' id='line_1_14' title="bbox 303 2351 1107 2443; baseline 0.005 -26"><span class='ocrx_word' id='word_1_82' title='bbox 303 2351 389 2426; x_wconf 85' lang='lat' dir='ltr'><strong>Quos</strong></span> <span class='ocrx_word' id='word_1_83' title='bbox 414 2375 523 2419; x_wconf 80' lang='lat' dir='ltr'><strong>versus</strong></span> <span class='ocrx_word' id='word_1_84' title='bbox 545 2362 631 2420; x_wconf 90' lang='lat' dir='ltr'><strong>recte</strong></span> <span class='ocrx_word' id='word_1_85' title='bbox 655 2355 832 2421; x_wconf 85' lang='lat' dir='ltr'><strong>Scholiasta</strong></span> <span class='ocrx_word' id='word_1_86' title='bbox 857 2358 1107 2443; x_wconf 90' lang='lat' dir='ltr'><strong>interpretatur:</strong></span> 
     </span>
     <span class='ocr_line' id='line_1_15' title="bbox 258 2477 1330 2561; baseline 0.005 -17"><span class='ocrx_word' id='word_1_87' title='bbox 258 2485 335 2561; x_wconf 63' lang='grc' dir='ltr'><strong>Πομ</strong></span> <span class='ocrx_word' id='word_1_88' title='bbox 364 2481 504 2548; x_wconf 75' lang='grc' dir='ltr'><em>ὑπόνομον</em></span> <span class='ocrx_word' id='word_1_89' title='bbox 534 2481 603 2546; x_wconf 70' lang='grc' dir='ltr'><strong>ἀντὶ</strong></span> <span class='ocrx_word' id='word_1_90' title='bbox 635 2489 688 2548; x_wconf 80' lang='grc' dir='ltr'><strong>τοῦ</strong></span> <span class='ocrx_word' id='word_1_91' title='bbox 711 2483 861 2561; x_wconf 73' lang='grc' dir='ltr'><em>ἐμβιῶναι</em></span> <span class='ocrx_word' id='word_1_92' title='bbox 886 2483 938 2548; x_wconf 79' lang='lat' dir='ltr'><strong>nal</strong></span> <span class='ocrx_word' id='word_1_93' title='bbox 964 2485 1085 2549; x_wconf 75' lang='grc' dir='ltr'><em>ἐνοικεῖν</em></span> <span class='ocrx_word' id='word_1_94' title='bbox 1110 2477 1195 2548; x_wconf 81' lang='grc' dir='ltr'><em>εἶπεν</em></span> <span class='ocrx_word' id='word_1_95' title='bbox 1220 2481 1330 2548; x_wconf 82' lang='grc' dir='ltr'><em>ἔνοοπο-</em></span> 
     </span>
     <span class='ocr_line' id='line_1_16' title="bbox 257 2609 531 2690; baseline 0.011 -18"><span class='ocrx_word' id='word_1_96' title='bbox 257 2615 342 2673; x_wconf 67' lang='lat' dir='ltr'><strong>&#39;ricae</strong></span> <span class='ocrx_word' id='word_1_97' title='bbox 365 2609 531 2690; x_wconf 74' lang='grc' dir='ltr'><em>χρήμιιποι.</em></span> 
     </span>
     <span class='ocr_line' id='line_1_17' title="bbox 300 2738 1327 2825; baseline 0.002 -23"><span class='ocrx_word' id='word_1_98' title='bbox 300 2738 340 2802; x_wconf 93' lang='lat' dir='ltr'><strong>In</strong></span> <span class='ocrx_word' id='word_1_99' title='bbox 373 2739 483 2802; x_wconf 90' lang='lat' dir='ltr'><strong>eadem</strong></span> <span class='ocrx_word' id='word_1_100' title='bbox 515 2739 625 2804; x_wconf 86' lang='lat' dir='ltr'><strong>fabula</strong></span> <span class='ocrx_word' id='word_1_101' title='bbox 656 2739 765 2825; x_wconf 83' lang='lat' dir='ltr'><strong>Epops</strong></span> <span class='ocrx_word' id='word_1_102' title='bbox 794 2739 909 2804; x_wconf 88' lang='lat' dir='ltr'><strong>certior</strong></span> <span class='ocrx_word' id='word_1_103' title='bbox 938 2740 1042 2804; x_wconf 86' lang='lat' dir='ltr'><strong>faetus</strong></span> <span class='ocrx_word' id='word_1_104' title='bbox 1075 2738 1214 2804; x_wconf 90' lang='lat' dir='ltr'><strong>Athenis</strong></span> <span class='ocrx_word' id='word_1_105' title='bbox 1239 2760 1327 2825; x_wconf 92' lang='lat' dir='ltr'><strong>pere·</strong></span> 
     </span>
     <span class='ocr_line' id='line_1_18' title="bbox 256 2863 1256 2953; baseline 0 -23"><span class='ocrx_word' id='word_1_106' title='bbox 256 2867 364 2950; x_wconf 85' lang='lat' dir='ltr'><strong>grinos</strong></span> <span class='ocrx_word' id='word_1_107' title='bbox 386 2867 553 2953; x_wconf 89' lang='lat' dir='ltr'><strong>advenisse</strong></span> <span class='ocrx_word' id='word_1_108' title='bbox 576 2867 684 2932; x_wconf 89' lang='lat' dir='ltr'><strong>statim</strong></span> <span class='ocrx_word' id='word_1_109' title='bbox 707 2889 749 2932; x_wconf 85' lang='lat' dir='ltr'><strong>ex</strong></span> <span class='ocrx_word' id='word_1_110' title='bbox 771 2867 810 2932; x_wconf 93' lang='lat' dir='ltr'><strong>iis</strong></span> <span class='ocrx_word' id='word_1_111' title='bbox 832 2868 977 2953; x_wconf 87' lang='lat' dir='ltr'><strong>quaerit:</strong></span> <span class='ocrx_word' id='word_1_112' title='bbox 1005 2871 1070 2944; x_wconf 83' lang='grc' dir='ltr'><strong>μῶν</strong></span> <span class='ocrx_word' id='word_1_113' title='bbox 1094 2863 1256 2941; x_wconf 54' lang='lat' dir='ltr'><strong>daranah</strong></span> 
     </span>
     <span class='ocr_line' id='line_1_19' title="bbox 301 2993 1327 3081; baseline 0.003 -23"><span class='ocrx_word' id='word_1_114' title='bbox 301 2994 515 3080; x_wconf 84' lang='lat' dir='ltr'><strong>Strepsiades,</strong></span> <span class='ocrx_word' id='word_1_115' title='bbox 548 2993 686 3059; x_wconf 85' lang='lat' dir='ltr'><strong>Socratis</strong></span> <span class='ocrx_word' id='word_1_116' title='bbox 717 2995 871 3081; x_wconf 89' lang='lat' dir='ltr'><strong>discipulo</strong></span> <span class='ocrx_word' id='word_1_117' title='bbox 904 2996 937 3060; x_wconf 96' lang='lat' dir='ltr'><strong>in</strong></span> <span class='ocrx_word' id='word_1_118' title='bbox 970 2995 1081 3060; x_wconf 89' lang='lat' dir='ltr'><strong>tabula</strong></span> <span class='ocrx_word' id='word_1_119' title='bbox 1114 2995 1327 3081; x_wconf 84' lang='lat' dir='ltr'><strong>geographica</strong></span> 
     </span>
     <span class='ocr_line' id='line_1_20' title="bbox 256 3120 856 3205; baseline 0.002 -21"><span class='ocrx_word' id='word_1_120' title='bbox 256 3120 403 3186; x_wconf 85' lang='lat' dir='ltr'><strong>Athenas</strong></span> <span class='ocrx_word' id='word_1_121' title='bbox 426 3123 456 3185; x_wconf 94' lang='lat' dir='ltr'><strong>ei</strong></span> <span class='ocrx_word' id='word_1_122' title='bbox 478 3122 656 3205; x_wconf 81' lang='lat' dir='ltr'><strong>indicante,</strong></span> <span class='ocrx_word' id='word_1_123' title='bbox 680 3123 856 3186; x_wconf 85' lang='lat' dir='ltr'><strong>exclamat:</strong></span> 
     </span>
     <span class='ocr_line' id='line_1_21' title="bbox 514 3247 974 3340; baseline -0.002 -29"><span class='ocrx_word' id='word_1_124' title='bbox 514 3271 544 3312; x_wconf 82' lang='grc' dir='ltr'><strong>πι</strong></span> <span class='ocrx_word' id='word_1_125' title='bbox 568 3247 606 3312; x_wconf 87' lang='grc' dir='ltr'><strong>σὺ</strong></span> <span class='ocrx_word' id='word_1_126' title='bbox 629 3249 751 3340; x_wconf 59' lang='lat' dir='ltr'><strong>alpem</strong></span> <span class='ocrx_word' id='word_1_127' title='bbox 777 3249 974 3325; x_wconf 63' lang='lat' dir='ltr'><strong>odoratiorem</strong></span> 
     </span>
     <span class='ocr_line' id='line_1_22' title="bbox 513 3373 1153 3458; baseline -0.003 -19"><span class='ocrx_word' id='word_1_128' title='bbox 513 3375 580 3440; x_wconf 78' lang='grc' dir='ltr'><em>ἐπεὶ</em></span> <span class='ocrx_word' id='word_1_129' title='bbox 604 3376 753 3448; x_wconf 74' lang='grc' dir='ltr'><em>δικοισποὶς</em></span> <span class='ocrx_word' id='word_1_130' title='bbox 776 3377 835 3457; x_wconf 81' lang='grc' dir='ltr'><strong>οὐχ</strong></span> <span class='ocrx_word' id='word_1_131' title='bbox 858 3377 913 3456; x_wconf 79' lang='grc' dir='ltr'><strong>ὁρῶ</strong></span> <span class='ocrx_word' id='word_1_132' title='bbox 938 3373 1153 3458; x_wconf 66' lang='grc' dir='ltr'><em>κοιὸιιμένονς,</em></span> 
     </span>
     <span class='ocr_line' id='line_1_23' title="bbox 254 3504 1236 3590; baseline -0.003 -22"><span class='ocrx_word' id='word_1_133' title='bbox 254 3505 443 3590; x_wconf 86' lang='lat' dir='ltr'><strong>quasivero</strong></span> <span class='ocrx_word' id='word_1_134' title='bbox 467 3506 535 3569; x_wconf 92' lang='lat' dir='ltr'><strong>sine</strong></span> <span class='ocrx_word' id='word_1_135' title='bbox 552 3505 714 3588; x_wconf 89' lang='lat' dir='ltr'><strong>judicibus</strong></span> <span class='ocrx_word' id='word_1_136' title='bbox 737 3504 886 3570; x_wconf 87' lang='lat' dir='ltr'><strong>Athenae</strong></span> <span class='ocrx_word' id='word_1_137' title='bbox 909 3505 987 3590; x_wconf 85' lang='lat' dir='ltr'><strong>fingi</strong></span> <span class='ocrx_word' id='word_1_138' title='bbox 1010 3525 1075 3568; x_wconf 93' lang='lat' dir='ltr'><strong>non</strong></span> <span class='ocrx_word' id='word_1_139' title='bbox 1098 3507 1236 3588; x_wconf 92' lang='lat' dir='ltr'><strong>possent.</strong></span> 
     </span>
     <span class='ocr_line' id='line_1_24' title="bbox 297 3630 1324 3718; baseline -0.002 -22"><span class='ocrx_word' id='word_1_140' title='bbox 297 3631 371 3696; x_wconf 87' lang='lat' dir='ltr'><strong>Non</strong></span> <span class='ocrx_word' id='word_1_141' title='bbox 383 3638 461 3718; x_wconf 88' lang='lat' dir='ltr'><strong>puto</strong></span> <span class='ocrx_word' id='word_1_142' title='bbox 469 3632 613 3718; x_wconf 87' lang='lat' dir='ltr'><strong>pluribus</strong></span> <span class='ocrx_word' id='word_1_143' title='bbox 625 3653 677 3696; x_wconf 88' lang='lat' dir='ltr'><strong>me</strong></span> <span class='ocrx_word' id='word_1_144' title='bbox 687 3631 829 3717; x_wconf 85' lang='lat' dir='ltr'><strong>indigere</strong></span> <span class='ocrx_word' id='word_1_145' title='bbox 841 3631 957 3717; x_wconf 91' lang='lat' dir='ltr'><strong>quihus</strong></span> <span class='ocrx_word' id='word_1_146' title='bbox 970 3630 1185 3696; x_wconf 88' lang='lat' dir='ltr'><strong>demonstrem</strong></span> <span class='ocrx_word' id='word_1_147' title='bbox 1197 3634 1324 3715; x_wconf 70' lang='lat' dir='ltr'><strong>pettam</strong></span> 
     </span>
     <span class='ocr_line' id='line_1_25' title="bbox 252 3755 1323 3845; baseline -0.006 -21"><span class='ocrx_word' id='word_1_148' title='bbox 252 3760 418 3825; x_wconf 85' lang='lat' dir='ltr'><strong>scribendo</strong></span> <span class='ocrx_word' id='word_1_149' title='bbox 440 3759 599 3842; x_wconf 84' lang='lat' dir='ltr'><strong>fabulam,</strong></span> <span class='ocrx_word' id='word_1_150' title='bbox 624 3780 706 3845; x_wconf 89' lang='lat' dir='ltr'><strong>quae</strong></span> <span class='ocrx_word' id='word_1_151' title='bbox 729 3764 797 3823; x_wconf 90' lang='lat' dir='ltr'><strong>tota</strong></span> <span class='ocrx_word' id='word_1_152' title='bbox 820 3762 1001 3823; x_wconf 85' lang='lat' dir='ltr'><strong>versaretur</strong></span> <span class='ocrx_word' id='word_1_153' title='bbox 1024 3758 1058 3821; x_wconf 93' lang='lat' dir='ltr'><strong>in</strong></span> <span class='ocrx_word' id='word_1_154' title='bbox 1077 3755 1323 3821; x_wconf 89' lang='lat' dir='ltr'><strong>Atheniensium</strong></span> 
     </span>
     <span class='ocr_line' id='line_1_26' title="bbox 251 3885 1322 3972; baseline -0.005 -21"><span class='ocrx_word' id='word_1_155' title='bbox 251 3887 392 3954; x_wconf 86' lang='lat' dir='ltr'><strong>studium</strong></span> <span class='ocrx_word' id='word_1_156' title='bbox 411 3886 567 3968; x_wconf 78' lang='grc' dir='ltr'><em>Φιλόδικον</em></span> <span class='ocrx_word' id='word_1_157' title='bbox 591 3887 797 3972; x_wconf 85' lang='lat' dir='ltr'><strong>flagellando,</strong></span> <span class='ocrx_word' id='word_1_158' title='bbox 821 3885 955 3951; x_wconf 89' lang='lat' dir='ltr'><strong>eandem</strong></span> <span class='ocrx_word' id='word_1_159' title='bbox 977 3887 1064 3950; x_wconf 84' lang='lat' dir='ltr'><strong>viam</strong></span> <span class='ocrx_word' id='word_1_160' title='bbox 1086 3905 1154 3949; x_wconf 91' lang='lat' dir='ltr'><strong>esse</strong></span> <span class='ocrx_word' id='word_1_161' title='bbox 1178 3889 1322 3948; x_wconf 88' lang='lat' dir='ltr'><strong>secutum</strong></span> 
     </span>
     <span class='ocr_line' id='line_1_27' title="bbox 251 4016 767 4101; baseline -0.002 -22"><span class='ocrx_word' id='word_1_162' title='bbox 251 4035 348 4101; x_wconf 90' lang='lat' dir='ltr'><strong>qnam</strong></span> <span class='ocrx_word' id='word_1_163' title='bbox 366 4016 436 4099; x_wconf 91' lang='lat' dir='ltr'><strong>jam</strong></span> <span class='ocrx_word' id='word_1_164' title='bbox 460 4016 501 4081; x_wconf 91' lang='lat' dir='ltr'><strong>ab</strong></span> <span class='ocrx_word' id='word_1_165' title='bbox 523 4017 613 4080; x_wconf 92' lang='lat' dir='ltr'><strong>initio</strong></span> <span class='ocrx_word' id='word_1_166' title='bbox 635 4017 767 4080; x_wconf 88' lang='lat' dir='ltr'><strong>iniisset.</strong></span> 
     </span>
     <span class='ocr_line' id='line_1_28' title="bbox 296 4139 1322 4229; baseline -0.006 -22"><span class='ocrx_word' id='word_1_167' title='bbox 296 4142 390 4208; x_wconf 86' lang='lat' dir='ltr'><strong>Nune</strong></span> <span class='ocrx_word' id='word_1_168' title='bbox 416 4144 560 4229; x_wconf 87' lang='lat' dir='ltr'><strong>seqnitur</strong></span> <span class='ocrx_word' id='word_1_169' title='bbox 582 4148 619 4208; x_wconf 93' lang='lat' dir='ltr'><strong>ut</strong></span> <span class='ocrx_word' id='word_1_170' title='bbox 649 4162 746 4228; x_wconf 91' lang='lat' dir='ltr'><strong>qnam</strong></span> <span class='ocrx_word' id='word_1_171' title='bbox 771 4141 957 4206; x_wconf 86' lang='lat' dir='ltr'><strong>brevissime</strong></span> <span class='ocrx_word' id='word_1_172' title='bbox 978 4139 1047 4203; x_wconf 89' lang='lat' dir='ltr'><strong>fieri</strong></span> <span class='ocrx_word' id='word_1_173' title='bbox 1069 4142 1173 4224; x_wconf 90' lang='lat' dir='ltr'><strong>potest</strong></span> <span class='ocrx_word' id='word_1_174' title='bbox 1195 4155 1245 4202; x_wconf 91' lang='lat' dir='ltr'><strong>rss</strong></span> <span class='ocrx_word' id='word_1_175' title='bbox 1267 4155 1322 4222; x_wconf 82' lang='lat' dir='ltr'><strong>ge·</strong></span> 
     </span>
     <span class='ocr_line' id='line_1_29' title="bbox 251 4265 1299 4357; baseline -0.007 -22"><span class='ocrx_word' id='word_1_176' title='bbox 251 4276 317 4336; x_wconf 88' lang='lat' dir='ltr'><strong>stas</strong></span> <span class='ocrx_word' id='word_1_177' title='bbox 338 4277 538 4357; x_wconf 87' lang='lat' dir='ltr'><strong>repetamus,</strong></span> <span class='ocrx_word' id='word_1_178' title='bbox 561 4292 643 4357; x_wconf 91' lang='lat' dir='ltr'><strong>quae</strong></span> <span class='ocrx_word' id='word_1_179' title='bbox 665 4270 706 4336; x_wconf 89' lang='lat' dir='ltr'><strong>ad</strong></span> <span class='ocrx_word' id='word_1_180' title='bbox 728 4276 869 4334; x_wconf 88' lang='lat' dir='ltr'><strong>nostram</strong></span> <span class='ocrx_word' id='word_1_181' title='bbox 894 4266 1087 4331; x_wconf 85' lang='lat' dir='ltr'><strong>comoediam</strong></span> <span class='ocrx_word' id='word_1_182' title='bbox 1109 4265 1299 4350; x_wconf 87' lang='lat' dir='ltr'><strong>pertineant.</strong></span> 
     </span>
    </p>
   </div>
   <div class='ocr_carea' id='block_1_4' title="bbox 0 0 1712 5042">
    <p class='ocr_par' dir='ltr' id='par_1_4' title="bbox 0 0 1712 5042">
     <span class='ocr_line' id='line_1_30' title="bbox 0 0 1712 5042; baseline 0 6"><span class='ocrx_word' id='word_1_183' title='bbox 0 0 1712 5042; x_wconf 95' lang='lat' dir='ltr'><strong> </strong></span> 
     </span>
    </p>
   </div>
  </div>
 </body>
</html>
