3414 5042
857 808 951 872 XIV.

410 1032 528 1097 Caesar
551 1033 580 1096 d.
605 1034 643 1097 B.
668 1033 707 1096 G.
732 1032 778 1095 II.
792 1035 844 1096 20.
857 1033 986 1096 Caesari
998 1035 1104 1097 omnia
1117 1056 1180 1097 uuo
1192 1041 1334 1119 tempore
1347 1039 1452 1107 erant¹

365 1146 505 1246 egendo:
530 1162 684 1225 vexillum
707 1161 946 1246 proponendum
970 1161 1069 1246 (quod
1092 1169 1160 1225 erat
1176 1163 1300 1246 insigne
1312 1181 1384 1223 oum
1397 1158 1437 1222 ad

366 1310 455 1352 arma
477 1289 620 1354 concurri
644 1290 840 1374 opporteret)
863 1289 989 1371 signum
1013 1289 1092 1364 tuba
1115 1289 1253 1352 ‹tandum
1268 1339 1275 1370 ,
1289 1288 1329 1352 ab
1342 1309 1437 1373 opera

366 1417 483 1480 milites
504 1417 671 1480 revocandi
694 1423 753 1479 oet.

410 1543 519 1608 Verba
543 1545 666 1607 unoiuis
690 1544 812 1607 inclusa
837 1543 1012 1606 deleantur.

874 1789 950 1853 XV.

411 1993 534 2058 Ibidem
559 1993 638 2058 VII.
663 1997 714 2060 35.
739 1995 893 2080 Reliquas
915 1995 1020 2079 copias
1045 2014 1116 2056 oum
1141 1960 1288 2055 omuibus
1308 1991 1438 2076 impedi-

367 2122 506 2204 mentis,
537 2128 573 2186 ut
596 2129 820 2203 consueverat,
845 2123 950 2203 misit,
988 2123 1143 2206 captis
1175 2119 1365 2203 quibusdam
1390 2141 1446 2182 eom

366 2250 511 2313 hortibus
536 2251 582 2312 uti
605 2271 756 2314 numerus
778 2251 938 2333 legionum
964 2257 1108 2312 constare
1135 2248 1304 2310 videretur.

411 2374 474 2440 Pro
497 2378 652 2462 captis
674 2378 736 2461 leg.
760 2379 974 2462 partitis.

864 2621 958 2684 XVI.

412 2827 505 2891 Ovid.
530 2827 660 2892 Metam.
684 2828 715 2892 V
739 2849 785 2890 vs.
813 2830 884 2891 130.
909 2848 955 2910 sq.

981 2977 1043 3039 quo
1066 2976 1129 3017 non
1151 2955 1334 3039 possederat
1360 2955 1441 3017 alter

367 3081 481 3145 Latius
494 3129 502 3162 ,
526 3088 582 3145 aut
604 3081 737 3145 totidem
761 3083 892 3148 tollebat
917 3084 932 3146 f
941 3105 960 3146 a
972 3105 987 3145 r
1000 3105 1015 3146 r
1027 3083 1038 3144 i
1051 3105 1064 3144 s
1088 3103 1228 3145 acervos.

412 3208 590 3292 Rejioiatur
615 3208 762 3273 Merkelii
785 3211 878 3274 leotio
900 3212 1028 3292 turis3
1052 3207 1253 3272 retinendum
1278 3209 1294 3270 f
1300 3208 1420 3272 arris.

845 3394 958 3460 XVII.

413 3598 537 3664 Ibidem
561 3599 622 3662 XI.
649 3621 695 3662 vs.
722 3603 783 3664 754
809 3622 877 3685 sqq.

368 3727 473 3811 Regia
497 3726 682 3811 progeniem
708 3733 739 3790 et
765 3728 791 3795 si
816 3726 1004 3791 descendere
1030 3725 1197 3810 adipsum

369 3853 488 3918 Ordine
510 3859 664 3939 perpetuo
686 3855 833 3937 quaeriS,
859 3861 932 3917 sunt
956 3854 1052 3937 hujus
1077 3852 1165 3935 origo

369 3981 437 4045 Ilus
460 3987 491 4044 et
516 3979 710 4062 Assaracus,
733 3988 909 4066 raptusque
935 3981 955 4045 J
959 3982 1009 4045 ovi
1033 3978 1257 4065 Ganymedes,

370 4107 616 4192 Laomedonque
643 4129 741 4172 senex
766 4109 978 4194 Priamusque
1000 4107 1173 4172 novissima
1197 4106 1312 4170 Troiae
1336 4114 1395 4172 oet.

414 4237 486 4300 Tali
510 4235 602 4300 modo
625 4237 850 4301 restituantur:
