3414 5042
876 623 917 684 54

360 835 397 894 ut
430 828 528 894 semel
561 825 781 892 tautummodo
812 848 854 892 ex
881 827 946 890 suis
973 826 1086 911 opibus
1108 825 1248 911 inopiam
1271 825 1432 912 publicam

360 955 586 1038 sublevarent,
615 975 721 1019 nonne
743 974 896 1038 magnum
923 952 1166 1038 inauditumque
1188 960 1271 1018 esset
1293 954 1430 1035 sactum,

262 1091 265 1094 '
359 1099 414 1148 eos
446 1083 636 1148 concessisse
670 1084 703 1146 in
737 1082 916 1163 incertum,
949 1079 1054 1166 quoad
1077 1102 1149 1145 cum
1172 1080 1431 1147 Lacedaemoniis

359 1209 480 1276 bellum
512 1215 680 1294 gererent,
715 1209 873 1273 tributum
907 1209 1099 1274 invidiosum
1134 1210 1280 1273 solvere?
1312 1207 1431 1282 Quodsi

360 1335 439 1402 haec
463 1336 589 1403 Cleonis
610 1338 693 1401 ratio
716 1338 868 1402 valuisset
888 1357 993 1401 nonne
1014 1338 1131 1401 mirum
1150 1343 1232 1401 esset
1252 1344 1284 1401 et
1303 1336 1430 1422 Thucy·

360 1463 465 1530 didem
499 1470 532 1529 et
566 1462 778 1528 Plutarchum
809 1464 934 1528 silentio
968 1485 1038 1528 earn
1060 1464 1284 1548 praeteriisse?
1309 1463 1430 1528 Confir-

359 1611 448 1657 marc
492 1592 633 1677 profecto
675 1612 843 1676 possumus
872 1596 1044 1676 utrumque
1077 1597 1239 1655 auctorem
1272 1611 1430 1674 nusquam

359 1739 430 1784 eam
465 1740 737 1785 commemorasse.
768 1717 941 1784 Praeterea
966 1719 1022 1802 qui
1045 1719 1115 1782 fieri
1137 1723 1242 1803 posset
1265 1724 1301 1781 ut
1326 1718 1430 1782 Comi·

359 1846 388 1911 ci
421 1848 620 1934 negligerent
654 1849 735 1912 iram
771 1869 901 1930 eorum,
938 1869 957 1911 a
987 1847 1103 1932 quibus
1136 1847 1286 1929 stabant,
1312 1847 1430 1932 quique

359 1974 416 2038 tali
438 1975 501 2060 legi
523 1975 664 2040 maxime
689 1975 935 2060 premebantur,
959 1995 1032 2039 cum
1054 1973 1430 2064 acerbissimisccnviciis

358 2101 533 2188 proloqui?
557 2101 665 2166 Locus
686 2123 728 2167 ex
751 2101 923 2188 Equitibus
945 2103 1062 2167 allatus
1084 2092 1354 2186 argumentationi
1366 2103 1428 2166 viri

360 2227 444 2295 docti
468 2229 536 2294 veri
560 2228 697 2314 speciem
718 2229 860 2315 praebet.
887 2229 950 2295 Sed
973 2216 1049 2315 quid
1073 2251 1115 2294 ex
1138 2230 1188 2293 his
1210 2229 1429 2294 versibuscol·

359 2356 416 2442 ligi
439 2362 544 2444 potest
566 2359 629 2422 nisi
651 2379 688 2423 eo
710 2378 793 2423 anno
813 2379 876 2444 quc
892 2357 1027 2442 Equites
1039 2358 1313 2422 committerentur
1326 2358 1428 2423 Athe·

359 2483 524 2550 niensibus
545 2484 703 2548 tributum
728 2505 797 2549 esse
818 2485 1011 2570 impositum.

400 2609 527 2676 Revera
550 2632 618 2675 rem
640 2611 686 2675 ita
704 2631 772 2676 sese
795 2611 913 2676 habere
935 2613 1095 2678 affirmare
1118 2614 1221 2677 ausim
1234 2614 1289 2696 ¹³),
1314 2634 1426 2698 quam-

357 2757 454 2824 quam
489 2739 586 2824 hujus
620 2739 743 2803 consilii
773 2741 863 2804 nulla
892 2741 956 2805 alia
978 2742 1060 2806 ratio
1082 2741 1215 2827 reperiri
1241 2748 1345 2827 potest
1367 2742 1429 2806 nisi

356 2866 464 2952 inopia
497 2867 651 2953 pecuniae
685 2868 850 2953 publicae,
873 2889 948 2933 nam
972 2869 1144 2954 improvisa
1167 2869 1323 2953 quaedam
1346 2869 1428 2933 cala-

355 2994 451 3060 mitae
491 2995 595 3080 qualis
630 2993 690 3059 Aa
725 2997 789 3058 428
825 2995 1001 3061 defectione
1024 2996 1292 3082 Mytilenaeorum
1326 2996 1428 3061 Athe-

355 3121 518 3187 niensibus
545 3120 660 3186 accidit
683 3121 774 3186 nobis
794 3143 857 3186 uon
875 3123 1025 3188 innotuit.
1046 3123 1196 3188 Ceterum
1215 3123 1428 3189 Athenienses

355 3270 419 3314 non
453 3254 521 3313 tam
554 3248 651 3314 fuisse
686 3249 809 3334 patriae
842 3252 1098 3335 amantissimos,
1128 3258 1164 3316 ut
1194 3251 1330 3316 libenter
1352 3251 1428 3315 belli

355 3397 452 3442 onera
496 3376 555 3441 soli
589 3382 829 3460 sustentarent,
861 3376 936 3442 iude
970 3378 1081 3443 confici
1113 3383 1217 3463 potest
1250 3376 1336 3461 quod
1367 3375 1426 3441 ΑΟ.

355 3505 459 3587 42⁸lu
488 3504 610 3571 tributo
643 3505 800 3570 sociorum
823 3506 925 3570 altera
947 3512 1039 3592 parte
1061 3507 1125 3570 sint
1147 3510 1251 3570 aucta.
1264 3507 1311 3588 †).
1335 3505 1428 3590 Mag-

385 3753 414 3821 ⁹)
432 3755 462 3807 ci.
480 3755 579 3806 Bccelrlr
595 3755 704 3808 staatsh.
721 3756 743 3808 1.
760 3757 810 3807 620
826 3755 895 3808 Nach
908 3754 979 3820 jener
995 3757 1078 3805 ersten
1094 3753 1335 3820 Erhebangcheint
1344 3751 1428 3804 iudeus

352 3858 393 3912 die
409 3859 633 3929 Vermdgausteuer
641 3860 736 3913 schnell
746 3862 808 3912 nach
817 3859 933 3912 emender
942 3858 1088 3910 wiederholt
1097 3877 1128 3910 ru
1138 3861 1199 3922 sein,
1210 3859 1241 3910 da
1249 3859 1427 3924 Aristophanes

353 3964 429 4016 achon
438 3965 537 4033 Olymp.
546 3969 586 4019 88.
595 3969 612 4018 4
622 3967 679 4032 (Eq.
689 3982 726 4018 vs.
735 3966 795 4032 922)
807 3946 884 4018 daron
893 3965 932 4016 als
940 3979 986 4016 von
995 3966 1063 4015 einer
1071 3964 1258 4030 gewbhnlichen
1267 3964 1343 4016 Saehe
1351 3963 1427 4014 redet.

387 4069 416 4136 t)
435 4070 507 4131 Quod
531 4085 561 4122 ex
582 4071 788 4138 inscriptionibus
804 4086 884 4140 nuper
900 4071 1006 4136 repertis
1022 4071 1175 4136 exprompsit
1191 4069 1281 4120 Ulrich
1292 4067 1387 4119 Kiihler
1403 4069 1429 4118 et

352 4176 379 4227 in
404 4175 484 4226 libro:
512 4177 589 4242 ,cru
615 4192 632 4227 u
654 4176 755 4228 Uuters.
778 4193 800 4230 u.
825 4177 912 4228 desub.
938 4176 961 4226 d.
989 4175 1090 4226 del-att.
1116 4175 1231 4226 Bendas·
1255 4191 1279 4240 p.
1306 4175 1355 4224 160
1371 4187 1428 4238 sqq.

353 4278 462 4332 dilucida
478 4283 607 4347 exposuit:
