3414 5042
775 603 815 660 oo

475 801 536 880 slyr
561 828 609 866 aar
634 804 726 882 ἴωμεν
752 804 844 880 μηδὲν
870 803 953 879 ἡμᾶς
981 803 1095 882 ἰσχέτω

256 943 289 999 et
312 956 384 998 oum
409 935 473 998 tilio
497 955 516 997 a
539 955 632 998 soena
654 933 796 997 discedit.

303 1061 454 1147 Sequitur
485 1060 581 1125 Chori
605 1062 786 1142 oantieum,
811 1080 876 1150 quo
899 1059 940 1124 ad
963 1059 1059 1124 finem
1083 1057 1257 1144 perduoto,
1279 1078 1330 1122 ao·

256 1191 355 1254 currit
390 1190 551 1253 Xantlrias
579 1189 690 1253 beatas
721 1189 908 1273 praedicans
940 1188 1114 1253 testudines
1137 1187 1177 1251 ob
1201 1186 1330 1254 firmum

256 1317 289 1380 in
312 1317 465 1381 lateribus
488 1323 625 1400 tectum,
650 1339 748 1402 quum
772 1339 791 1380 a
814 1315 1039 1397 Philooleone,
1063 1316 1168 1380 imore
1191 1313 1329 1401 quodam

255 1451 287 1507 et
320 1446 444 1508 insania
477 1451 638 1530 correpta,
668 1443 855 1509 verberibus
878 1465 988 1508 caesus
1012 1445 1063 1508 sit.
1090 1443 1208 1508 Servus
1231 1442 1330 1506 flebili

255 1593 332 1636 voce
365 1579 493 1636 enarrat
528 1594 635 1637 senem
668 1593 777 1636 omnes
807 1572 957 1636 convivas
980 1573 1107 1636 rusticis
1130 1571 1329 1636 contumeliis

254 1701 445 1765 insectatum
479 1721 567 1782 esse,
592 1721 677 1764 nuno
699 1705 807 1764 autem
829 1699 1023 1764 inebriatum
1048 1699 1176 1764 domum
1200 1721 1234 1764 se
1257 1721 1329 1764 oon·

254 1828 345 1892 serre.
381 1829 507 1893 llevera
536 1829 570 1892 in
593 1850 719 1893 soonam
744 1828 866 1914 proruit
890 1828 985 1892 homo
1008 1829 1202 1892 temulentus
1226 1827 1329 1893 tibioi·

254 1977 350 2038 nam,
381 1957 522 2020 oonriris
556 1963 700 2043 ereptam
735 1978 842 2020 seeum
866 1955 1004 2039 ducens,
1029 1954 1196 2042 lepideque
1218 1954 1329 2020 irridet

254 2084 355 2147 filium
378 2085 433 2168 qui
456 2086 595 2170 puellam
618 2084 776 2149 abducere
799 2085 896 2170 eupit.

299 2211 440 2276 Advenit
476 2213 608 2297 panaria
642 2213 816 2297 quaedam,
840 2213 976 2298 pessime
1000 2233 1019 2276 a
1046 2211 1251 2276 Philooleone
1273 2212 1328 2277 ha·

256 2339 341 2422 bita,
358 2341 476 2426 quippe
489 2362 585 2425 quam
597 2339 691 2404 taeda
703 2341 887 2425 pulsaverit,
901 2340 1054 2424 eujusque
1069 2359 1167 2424 panes
1179 2340 1212 2404 in
1224 2341 1329 2404 lutum

256 2468 436 2551 conjecerit.
485 2467 617 2532 Minime
664 2475 826 2553 permotus
877 2469 978 2533 iratae
1020 2469 1162 2532 mulieris
1211 2469 1328 2550 minis,

255 2594 396 2658 fabulam
419 2593 539 2681 Aesopi
563 2596 721 2660 narrando
747 2617 819 2660 eam
841 2597 968 2681 placare
992 2602 1024 2661 et
1040 2595 1168 2660 domum
1180 2596 1329 2682 ablegare

257 2729 398 2786 conatur.
432 2722 554 2787 Eodem
586 2723 679 2788 modo
704 2723 840 2788 ludibrio
864 2725 962 2790 habet
984 2732 1201 2790 aoousatorem
1224 2725 1329 2811 publi·

257 2870 350 2931 oum,
395 2851 450 2934 qui
493 2851 682 2935 injuriarum
724 2873 797 2916 eum
836 2873 870 2916 se
914 2852 1150 2937 postulaturum
1188 2851 1328 2917 declarat

257 2982 289 3038 et
313 2976 369 3040 vix
411 2977 617 3063 Bdelyoleoni
657 2980 812 3065 contingit
855 2986 890 3043 ut
915 2980 1076 3045 hominem
1116 2980 1328 3046 temulentum

255 3103 402 3168 abducat.

300 3230 408 3304 Quum
445 3233 503 3297 hoo
537 3235 605 3298 looo
638 3234 800 3300 oomrnode
833 3241 928 3320 podta
962 3235 1070 3319 aliquo
1103 3234 1195 3300 modo
1231 3235 1327 3300 finem

247 3355 446 3424 'Comoediae
479 3360 640 3448 imponere
674 3365 849 3449 potuisset,
882 3363 971 3427 brevi
1003 3363 1100 3428 Ohori
1125 3363 1257 3428 Oantieo
1280 3363 1329 3427 in·

256 3489 408 3574 terposito
420 3538 428 3570 ‚
452 3490 568 3554 iterum
592 3489 771 3555 Xanthiam
793 3493 826 3555 in
838 3513 967 3555 eoenam
979 3490 1104 3577 prodire
1111 3490 1205 3575 jubet
1217 3489 1327 3556 eadem

256 3621 352 3700 atque
386 3622 482 3682 antea
504 3625 708 3702 narrantem,
732 3619 793 3684 hae
815 3625 942 3684 tantum
965 3619 1141 3683 mutatione
1162 3619 1268 3702 faeta,
1291 3625 1327 3683 ut

255 3743 339 3808 nuno
374 3744 536 3811 Philooleo
558 3755 721 3834 correptus
745 3749 785 3813 sit
808 3749 913 3813 furore
938 3747 1085 3812 saltandi.
1109 3747 1207 3812 Hisoe
1230 3766 1326 3832 expo·

255 3874 324 3938 sitis
354 3873 457 3939 denuo
479 3897 578 3940 senex
600 3882 754 3962 apparet,
779 3897 952 3961 omnesque
975 3877 1030 3960 qui
1053 3897 1159 3940 seeum
1182 3873 1327 3940 saltando

256 4006 377 4064 oertent
411 4008 572 4087 provocat.
605 4003 780 4068 Prosiliunt
813 4004 870 4068 filii
902 4003 1029 4067 Comini
1063 4024 1136 4068 oum
1160 4002 1326 4068 velocitate

256 4149 441 4195 cancrorum
474 4130 613 4196 brachiis
649 4131 845 4218 pedibusque
874 4153 986 4196 auram
1019 4137 1182 4196 moventes
1215 4137 1248 4195 ot
1281 4130 1326 4194 sio

254 4255 356 4322 offusa
378 4258 501 4323 laetitia
524 4267 555 4326 et
578 4260 740 4325 hilaritate
764 4261 934 4325 Comoedia
958 4261 1143 4324 absolvitur.

1218 4390 1237 4454 5
