3414 5042
894 639 934 699 3⁶2

381 860 462 925 gogo
489 840 607 924 occiso,
632 841 753 928 aliquid
781 843 980 906 auctoritatis
1003 843 1063 907 sibi
1085 843 1248 909 vindicare
1271 850 1406 930 poterat.
1420 843 1452 925 *)

382 969 421 1033 In
456 971 585 1033 flamma
618 971 694 1037 belli
727 970 987 1056 Peloponnesiaci
1021 991 1179 1057 propensa
1213 974 1387 1038 multorum
1417 972 1453 1034 in

381 1096 647 1164 Lacedaemonios
677 1101 824 1164 voluntas
847 1098 948 1184 magis
970 1099 1135 1184 magisque
1158 1099 1313 1164 eminere·
1329 1100 1450 1184 coepit,

381 1225 465 1310 quod
498 1228 668 1313 praecipue
700 1211 889 1292 cernebatur
922 1228 956 1289 in
990 1225 1243 1292 adolescentibus
1272 1227 1450 1309 nobilibus,

380 1375 500 1436 mores,
525 1361 673 1419 ornatum
694 1355 910 1439 vestitumque
933 1353 1163 1440 Spartanorum
1191 1355 1401 1420 imitantibus.
1413 1356 1451 1438 †)

381 1479 487 1554 Quum
519 1481 657 1546 Athenis
686 1504 743 1569 per
772 1483 900 1545 nuntios
933 1482 1120 1567 litterasque
1145 1482 1272 1547 urbium
1294 1483 1451 1548 Thraciae

380 1609 514 1674 defectio
546 1610 753 1693 innotuisset,
777 1610 1044 1674 extimescebatur
1064 1631 1105 1674 ne
1128 1610 1249 1675 nobiles
1272 1612 1355 1675 clam
1378 1631 1450 1675 cmn

378 1734 523 1801 hostibus
555 1739 696 1802 facerent
725 1738 941 1824 Brasidaeque
972 1739 1107 1824 inceptis
1138 1739 1340 1804 inservirent.
1365 1737 1450 1812 Quid

379 1866 478 1950 igitur
511 1867 629 1930 mirum
662 1866 689 1930 si
723 1872 800 1930 tunc
833 1867 1001 1952 temporis,
1043 1867 1158 1931 animis
1193 1868 1334 1932 omnium
1367 1887 1450 1931 com·

379 1994 490 2076 motis,
528 2014 585 2080 per
625 2000 726 2058 totam
767 1993 879 2058 urbem
914 1995 1050 2059 ferveret
1085 1996 1204 2060 crimen
1238 1993 1447 2072 ξυνωμοσίας,

379 2121 463 2207 quod
496 2123 559 2186 illis
589 2121 700 2186 diebus
730 2121 810 2186 nihil
842 2121 929 2186 aliud
952 2121 1152 2206 significabat
1175 2122 1237 2186 uisi
1260 2120 1447 2202 λακωνίζειν,

379 2250 551 2314 amicitiam
584 2228 694 2334 gerere
729 2270 801 2314 cum
831 2249 953 2335 patriae
986 2248 1148 2312 hostibus!
1183 2247 1291 2314 Facile
1324 2269 1450 2335 quoqne

378 2379 578 2464 intelligitur,
599 2378 656 2441 tali
676 2377 916 2463 perturbatione
927 2397 1087 2440 rumorem
1099 2377 1240 2462 potuisse
1252 2375 1450 2441 disseminari

378 2505 417 2587 de
448 2505 580 2570 occultis
614 2504 813 2589 quorundam
845 2504 962 2567 civium
997 2505 1156 2586 consiliis,
1191 2505 1247 2589 qui
1279 2504 1313 2568 in
1344 2503 1449 2567 animo

377 2633 532 2698 haberent
567 2631 679 2696 urbem
701 2630 960 2695 Lacedaemoniis
984 2631 1126 2714 tradere,
1149 2653 1212 2716 quo
1234 2631 1347 2696 melius
1369 2631 1449 2694 invi·

377 2762 498 2826 diosam
521 2762 610 2824 illam
631 2759 792 2824 Pisistrati
814 2759 1017 2845 tyrannidem
1039 2760 1254 2824 restituerent.

422 2887 551 2962 Quanta
587 2887 726 2951 Athenis
759 2893 842 2950 esset
876 2893 946 2950 orta
978 2885 1165 2972 trepidatio,
1197 2886 1306 2951 fabula
1339 2891 1448 2950 nostra

377 3023 524 3082 testatur.
548 3016 720 3102 Bdelycleo
742 3015 827 3100 quod
848 3020 972 3099 patrem
996 3035 1016 3077 a
1037 3013 1141 3078 studio
1154 3012 1300 3096 judiciali
1312 3014 1448 3076 retinere

377 3144 539 3210 contendit
572 3144 668 3208 choro
702 3142 883 3228 Vesperum
906 3163 988 3205 unus
1012 3148 1059 3206 est
1082 3162 1191 3206 eorum
1210 3141 1367 3225 juvenum
1392 3139 1448 3224 qui

330 3303 356 3382 p„
377 3271 636 3337 Lacedaemoniis
669 3271 829 3353 faverent3
866 3291 956 3334 senes
978 3269 1052 3332 irati
1074 3265 1250 3345 ξυνωμότνν
1272 3265 1446 3345 μισόπολιν,

340 3381 350 3407 '⁶
377 3396 620 3488 ”vrttwpvvl'aeb
656 3395 821 3482 ’τυραννικοὶ
853 3400 1021 3476 φρονοῦντοι
1045 3415 1118 3460 eum
1140 3396 1325 3482 increpant3
1349 3417 1448 3481 quum

376 3550 452 3594 vero
475 3529 641 3615 proponit,
664 3528 744 3592 rixis
771 3531 803 3591 et
821 3526 939 3611 jurgiis
961 3525 1102 3608 omissis,
1125 3544 1238 3610 pacem
1260 3542 1448 3609 componere

376 3657 589 3722 vociferantur
602 3679 609 3720 ε

464 3777 716 3862 111111111ςῶ
740 3780 893 3860 μισόδημε
918 3785 972 3844 acl
996 3781 1172 3860 μοναρχίας
1196 3776 1332 3858 ipsos&

409 4099 436 4165 1)
455 4099 524 4150 Ρ111.
541 4099 596 4150 Nic.
613 4101 636 4148 2,
717 4138 719 4142 .
1423 4159 1425 4162 Ι

377 4207 458 4259 Schol.
476 4206 506 4257 ad
523 4205 570 4271 Eq.
588 4206 652 4256 1085
669 4203 698 4254 dc
715 4202 832 4268 Diopithe
848 4204 963 4254 annotat:
981 4191 1015 4268 ἦν
1034 4199 1064 4250 δὲ
1087 4201 1133 4250 καὶ
1151 4200 1249 4250 Νικίου
1267 4198 1380 4265 ἑταῖρος.

409 4313 438 4378 †)
457 4312 494 4363 De
516 4311 661 4361 Laconismo
676 4309 866 4361 Atheniensium
883 4307 1006 4362 nobilium
1023 4307 1054 4359 cl.
1071 4305 1100 4358 dc
1116 4306 1177 4372 Rep.
1192 4305 1282 4357 Athen.
