3414 5042
742 649 783 710 35

337 844 353 918 ἢ
377 851 438 926 μὴν
463 846 523 921 ἐγώ
548 869 582 908 σε
606 846 733 928 τήμερον
757 853 853 921 rurba
876 848 1007 926 βλὲτεον
1033 850 1156 921 ποιήσω.

268 973 379 1058 Surgit
412 973 604 1060 Bdelycleo,
633 978 688 1062 qui
720 978 753 1040 in
782 983 891 1041 nostra
914 975 1074 1040 comoedia
1095 982 1130 1040 ut
1156 977 1227 1061 janu
1249 974 1290 1041 ab

221 1101 314 1166 initio
346 1106 499 1188 apparet,
533 1107 647 1187 podiae
681 1125 848 1190 personam
872 1104 1017 1169 sustinet.
1041 1102 1140 1168 Nullo
1162 1105 1290 1189 negotio

222 1227 473 1314 Aristophaneo,
508 1251 603 1314 quam
636 1231 772 1316 turpiter
806 1230 969 1296 Philocleo
991 1231 1098 1315 gravis
1120 1231 1170 1295 sui
1194 1230 1290 1295 officii

221 1361 329 1440 partes
364 1356 525 1441 expleret,
559 1357 738 1443 quibusque
768 1359 855 1422 vitiis
886 1379 923 1422 ac
945 1359 1038 1422 malie
1056 1358 1178 1443 judicia
1200 1359 1288 1424 labo-

220 1487 348 1563 rarent,
389 1484 490 1547 veluti
524 1483 623 1568 digito
656 1473 833 1550 monstrare
863 1491 1020 1571 potuerat.
1055 1485 1146 1550 Nihil
1179 1505 1289 1550 eorum

220 1609 318 1691 fecit,
348 1610 422 1694 jure
456 1610 644 1674 existimans
678 1633 697 1675 a
723 1610 910 1676 Comoedias
931 1610 1037 1675 indole
1059 1612 1137 1676 talia
1160 1631 1289 1698 prorsus

218 1735 411 1818 abhorrere,
434 1737 519 1822 quod
543 1738 610 1824 ipse
632 1738 854 1825 Bdelycleonis
876 1759 930 1804 ore
953 1740 998 1804 sio
1023 1739 1198 1825 significat:

217 1863 362 1942 χοοοκτὲν
382 1863 439 1940 μὲν
459 1868 513 1926 aci
532 1863 628 1938 δεινῆς
647 1865 774 1943 γνώμης
791 1870 846 1930 act
865 1865 1001 1947 μείζονος
1021 1865 1099 1941 ἣ’τὶ
1112 1865 1287 1950 τρυγῳδοῖς,

218 1988 375 2056 ἷοὶσοοοθου
399 1989 482 2055 νόσον
504 1991 643 2071 οὶρχοοίοον
668 1995 697 2055 ἐν
720 2002 760 2076 τῇ
785 1992 873 2059 atre
896 1995 1100 2059 ἐντετοκυῖαν.

219 2118 450 2184 Verumtamen
471 2126 545 2184 sunt
565 2121 720 2204 quaedam
739 2122 902 2207 ingenioso
913 2127 1026 2209 potitae
1036 2122 1173 2188 artificio
1184 2123 1286 2207 magis

218 2246 389 2331 conspicua
421 2245 544 2311 reddite
573 2252 669 2332 atque
702 2249 735 2312 in
770 2249 901 2314 clariore
931 2251 1003 2314 luce
1037 2251 1150 2335 posita.
1176 2249 1286 2315 Prius·

218 2395 315 2460 quam
348 2373 511 2438 Philocleo
543 2375 584 2439 ad
620 2375 787 2440 dicendum
818 2376 1004 2462 aggreditur
1027 2377 1111 2440 filius
1134 2376 1285 2442 scrinium

217 2502 279 2566 sibi
311 2502 418 2567 afferri
447 2502 541 2586 jubet
572 2508 608 2568 ut
629 2504 729 2589 patris
751 2504 902 2568 orationis
929 2504 1118 2590 gravissima
1139 2523 1285 2590 quaeque

217 2637 358 2696 annotet.
390 2631 461 2694 Hoc
483 2631 562 2694 mihi
584 2630 711 2696 videtur
733 2629 967 2717 Aristophanes
989 2631 1120 2696 finxisse
1138 2637 1174 2695 ut
1197 2651 1284 2717 spec-

217 2765 336 2824 totores
371 2759 473 2843 erigat
506 2779 605 2843 quum
638 2763 824 2844 exspectent
858 2758 936 2822 haec
972 2778 1046 2822 eum
1070 2779 1138 2823 esse
1166 2758 1284 2823 refuta·

216 2893 336 2950 turum.
370 2885 428 2948 Bis
460 2884 632 2971 Bdelycico
661 2885 739 2950 talia
772 2885 833 2949 sibi
867 2884 977 2949 scribit
999 2882 1196 2961 μννμδσυνοοε
1219 2884 1283 2970 pri·

217 3034 305 3077 mum
324 3033 423 3098 quum
442 3018 532 3098 pater
552 3033 676 3077 summa
694 3032 767 3076 cum
785 3011 990 3098 voluptatede
1007 3013 1046 3076 iis
1065 3011 1215 3097 loquitur,
1228 3011 1284 3097 qui

217 3159 251 3204 se
272 3144 363 3205 orent
384 3145 417 3205 et
441 3140 607 3205 obsecrent
625 3117 1172 3224 utbenignecosabsolvat3deinde
1184 3158 1283 3223 quum

211 3268 315 3352 jactat
338 3287 372 3331 se
395 3267 564 3352 optimates
587 3267 783 3352 contemptui
806 3265 934 3331 habere.
958 3264 1067 3339 Quum
1089 3283 1165 3330 vero
1180 3264 1283 3350 judex

217 3395 409 3460 mentionem
443 3394 544 3478 injicit
578 3392 617 3457 de
648 3393 809 3473 ἐπικλήρου
833 3397 1023 3458 testamento
1049 3389 1180 3456 rescisso
1202 3390 1283 3455 nihil

219 3522 346 3586 omnino
368 3527 501 3584 annotat
525 3519 579 3584 sed
600 3519 858 3604 indignabundus
881 3520 1058 3584 exclamat:

260 3654 316 3721 mic
339 3646 529 3726 δ’ἐτοκκήρου
553 3655 608 3728 τὴν
631 3644 782 3722 truttam
805 3645 920 3720 ἀδικεῖς
940 3641 1232 3724 ἀνακογχυλιάζων.

260 3775 354 3840 Clare
391 3776 490 3860 igitur
531 3795 570 3839 ea
610 3779 800 3860 argumenta
833 3777 989 3860 apparent
1023 3775 1119 3856 etque
1154 3775 1284 3836 exstant

214 3902 331 3988 quibus
362 3903 502 3967 maxime
526 3901 709 3984 Philocles,
732 3901 846 3966 nititur
867 3906 903 3965 ut
925 3898 1140 3980 demonstret,
1163 3903 1285 3982 quanta

214 4050 274 4094 sua
309 4030 350 4094 sit
384 4028 536 4115 potentia.
570 4027 684 4113 Neque
718 4027 863 4114 pluribus
896 4047 975 4113 opus
1008 4030 1077 4090 erat
1106 4023 1148 4090 ad
1174 4022 1284 4089 Philo-

215 4156 334 4224 eleonis
370 4156 545 4221 orationem
579 4153 794 4221 refellendam.
830 4153 915 4220 Satis
944 4153 1029 4219 enim
1057 4151 1144 4217 acuti
1164 4149 1284 4236 ingenii

216 4282 432 4348 Athenienses
458 4288 549 4346 erant
577 4288 612 4348 ut
635 4303 735 4367 quum
754 4303 838 4348 rana
861 4279 970 4346 furiosi
986 4277 1105 4363 judicis
1110 4277 1286 4362 jactatione
