<?xml version="1.0" encoding="UTF-8"?>
<!DOCTYPE html PUBLIC "-//W3C//DTD XHTML 1.0 Transitional//EN"
    "http://www.w3.org/TR/xhtml1/DTD/xhtml1-transitional.dtd">
<html xmlns="http://www.w3.org/1999/xhtml" xml:lang="en" lang="en">
 <head>
  <title>
</title>
<meta http-equiv="Content-Type" content="text/html;charset=utf-8" />
  <meta name='ocr-system' content='tesseract 3.04.00' />
  <meta name='ocr-capabilities' content='ocr_page ocr_carea ocr_par ocr_line ocrx_word'/>
</head>
<body>
  <div class='ocr_page' id='page_1' title='image "./quaestionesdear00hoekgoog_0024.png"; bbox 0 0 3414 5042; ppageno 0'>
   <div class='ocr_carea' id='block_1_1' title="bbox 788 634 807 695">
    <p class='ocr_par' dir='ltr' id='par_1_1' title="bbox 788 634 807 695">
     <span class='ocr_line' id='line_1_1' title="bbox 788 634 807 695; baseline 0 0"><span class='ocrx_word' id='word_1_1' title='bbox 788 634 807 695; x_wconf 90' lang='grc'><strong>9</strong></span> 
     </span>
    </p>
   </div>
   <div class='ocr_carea' id='block_1_2' title="bbox 264 836 1336 1308">
    <p class='ocr_par' dir='ltr' id='par_1_2' title="bbox 264 836 1336 1308">
     <span class='ocr_line' id='line_1_2' title="bbox 264 836 1335 925; baseline 0.005 -28"><span class='ocrx_word' id='word_1_2' title='bbox 264 836 442 920; x_wconf 75' lang='lat' dir='ltr'>perspicere</span> <span class='ocrx_word' id='word_1_3' title='bbox 463 841 496 900; x_wconf 89' lang='lat' dir='ltr'>et</span> <span class='ocrx_word' id='word_1_4' title='bbox 517 843 603 901; x_wconf 89' lang='lat' dir='ltr'>recte</span> <span class='ocrx_word' id='word_1_5' title='bbox 620 836 775 920; x_wconf 89' lang='lat' dir='ltr'>judicare.</span> <span class='ocrx_word' id='word_1_6' title='bbox 799 837 985 925; x_wconf 79' lang='lat' dir='ltr'><strong>Numquam</strong></span> <span class='ocrx_word' id='word_1_7' title='bbox 1006 840 1092 904; x_wconf 88' lang='lat' dir='ltr'>enim</span> <span class='ocrx_word' id='word_1_8' title='bbox 1110 839 1142 902; x_wconf 94' lang='lat' dir='ltr'>id</span> <span class='ocrx_word' id='word_1_9' title='bbox 1154 839 1335 904; x_wconf 87' lang='lat' dir='ltr'>fabularum</span> 
     </span>
     <span class='ocr_line' id='line_1_3' title="bbox 265 964 1336 1050; baseline 0.004 -25"><span class='ocrx_word' id='word_1_10' title='bbox 265 983 365 1047; x_wconf 91' lang='lat' dir='ltr'>genus</span> <span class='ocrx_word' id='word_1_11' title='bbox 388 965 500 1030; x_wconf 88' lang='lat' dir='ltr'>florere</span> <span class='ocrx_word' id='word_1_12' title='bbox 521 965 625 1050; x_wconf 90' lang='lat' dir='ltr'>potuit</span> <span class='ocrx_word' id='word_1_13' title='bbox 647 965 708 1029; x_wconf 89' lang='lat' dir='ltr'>nisi</span> <span class='ocrx_word' id='word_1_14' title='bbox 730 964 869 1030; x_wconf 81' lang='lat' dir='ltr'>Athenis</span> <span class='ocrx_word' id='word_1_15' title='bbox 890 968 924 1030; x_wconf 88' lang='lat' dir='ltr'>in</span> <span class='ocrx_word' id='word_1_16' title='bbox 948 967 1102 1032; x_wconf 84' lang='lat' dir='ltr'>effrenata</span> <span class='ocrx_word' id='word_1_17' title='bbox 1114 965 1336 1040; x_wconf 86' lang='lat' dir='ltr'>Democratiac</span> 
     </span>
     <span class='ocr_line' id='line_1_4' title="bbox 264 1090 1335 1177; baseline 0.003 -23"><span class='ocrx_word' id='word_1_18' title='bbox 264 1092 411 1174; x_wconf 87' lang='lat' dir='ltr'>licentia,</span> <span class='ocrx_word' id='word_1_19' title='bbox 448 1113 513 1177; x_wconf 91' lang='lat' dir='ltr'>qua</span> <span class='ocrx_word' id='word_1_20' title='bbox 546 1090 650 1157; x_wconf 87' lang='lat' dir='ltr'>deleta</span> <span class='ocrx_word' id='word_1_21' title='bbox 684 1093 772 1157; x_wconf 80' lang='lat' dir='ltr'>(lom.</span> <span class='ocrx_word' id='word_1_22' title='bbox 804 1093 882 1158; x_wconf 92' lang='lat' dir='ltr'>Ant.</span> <span class='ocrx_word' id='word_1_23' title='bbox 918 1096 1028 1158; x_wconf 85' lang='lat' dir='ltr'>statim</span> <span class='ocrx_word' id='word_1_24' title='bbox 1064 1095 1204 1160; x_wconf 82' lang='lat' dir='ltr'>evanuit.</span> <span class='ocrx_word' id='word_1_25' title='bbox 1230 1092 1335 1167; x_wconf 90' lang='lat' dir='ltr'>Quam</span> 
     </span>
     <span class='ocr_line' id='line_1_5' title="bbox 264 1219 1335 1308; baseline 0.002 -24"><span class='ocrx_word' id='word_1_26' title='bbox 264 1219 354 1285; x_wconf 87' lang='lat' dir='ltr'>brevi</span> <span class='ocrx_word' id='word_1_27' title='bbox 375 1221 452 1305; x_wconf 93' lang='lat' dir='ltr'>ipsis</span> <span class='ocrx_word' id='word_1_28' title='bbox 474 1219 605 1285; x_wconf 83' lang='lat' dir='ltr'>Graecis</span> <span class='ocrx_word' id='word_1_29' title='bbox 627 1220 843 1307; x_wconf 76' lang='lat' dir='ltr'>displicuerit,</span> <span class='ocrx_word' id='word_1_30' title='bbox 865 1223 921 1286; x_wconf 84' lang='lat' dir='ltr'>vix</span> <span class='ocrx_word' id='word_1_31' title='bbox 945 1242 1023 1308; x_wconf 92' lang='lat' dir='ltr'>opus</span> <span class='ocrx_word' id='word_1_32' title='bbox 1035 1228 1083 1287; x_wconf 89' lang='lat' dir='ltr'>est</span> <span class='ocrx_word' id='word_1_33' title='bbox 1095 1221 1335 1304; x_wconf 81' lang='lat' dir='ltr'>demonstrare3</span> 
     </span>
    </p>
   </div>
   <div class='ocr_carea' id='block_1_3' title="bbox 264 1345 1334 1464">
    <p class='ocr_par' dir='ltr' id='par_1_3' title="bbox 264 1345 1334 1464">
     <span class='ocr_line' id='line_1_6' title="bbox 264 1345 1334 1432; baseline 0.003 -23"><span class='ocrx_word' id='word_1_34' title='bbox 264 1351 300 1409; x_wconf 91' lang='lat' dir='ltr'>ut</span> <span class='ocrx_word' id='word_1_35' title='bbox 323 1345 361 1410; x_wconf 90' lang='lat' dir='ltr'>de</span> <span class='ocrx_word' id='word_1_36' title='bbox 383 1345 559 1413; x_wconf 80' lang='lat' dir='ltr'>Plutarcho</span> <span class='ocrx_word' id='word_1_37' title='bbox 581 1354 721 1432; x_wconf 88' lang='lat' dir='ltr'>taceam,</span> <span class='ocrx_word' id='word_1_38' title='bbox 745 1349 842 1415; x_wconf 89' lang='lat' dir='ltr'>immo</span> <span class='ocrx_word' id='word_1_39' title='bbox 855 1371 931 1415; x_wconf 85' lang='lat' dir='ltr'>uero</span> <span class='ocrx_word' id='word_1_40' title='bbox 943 1351 1040 1415; x_wconf 87' lang='lat' dir='ltr'>etiam</span> <span class='ocrx_word' id='word_1_41' title='bbox 1056 1348 1217 1414; x_wconf 86' lang='lat' dir='ltr'>Lucienus</span> <span class='ocrx_word' id='word_1_42' title='bbox 1231 1398 1238 1430; x_wconf 93' lang='lat'>,</span> <span class='ocrx_word' id='word_1_43' title='bbox 1252 1355 1334 1413; x_wconf 90' lang='lat' dir='ltr'>cete·</span> 
     </span>
     <span class='ocr_line' id='line_1_7' title="bbox 939 1440 948 1464; baseline 0 -1"><span class='ocrx_word' id='word_1_44' title='bbox 939 1440 948 1464; x_wconf 48' lang='grc' dir='ltr'><em>Ι</em></span> 
     </span>
    </p>
   </div>
   <div class='ocr_carea' id='block_1_4' title="bbox 261 1475 1341 3874">
    <p class='ocr_par' dir='ltr' id='par_1_4' title="bbox 261 1475 1341 3874">
     <span class='ocr_line' id='line_1_8' title="bbox 264 1475 1335 1563; baseline 0.002 -25"><span class='ocrx_word' id='word_1_45' title='bbox 264 1475 378 1560; x_wconf 90' lang='lat' dir='ltr'>roquin</span> <span class='ocrx_word' id='word_1_46' title='bbox 400 1477 519 1561; x_wconf 89' lang='lat' dir='ltr'>ingenii</span> <span class='ocrx_word' id='word_1_47' title='bbox 542 1476 689 1541; x_wconf 77' lang='lat' dir='ltr'>festivate</span> <span class='ocrx_word' id='word_1_48' title='bbox 710 1483 743 1542; x_wconf 87' lang='lat' dir='ltr'>et</span> <span class='ocrx_word' id='word_1_49' title='bbox 765 1479 926 1563; x_wconf 85' lang='lat' dir='ltr'>elegantia</span> <span class='ocrx_word' id='word_1_50' title='bbox 943 1478 1095 1563; x_wconf 89' lang='lat' dir='ltr'>insignis,</span> <span class='ocrx_word' id='word_1_51' title='bbox 1108 1477 1335 1563; x_wconf 80' lang='lat' dir='ltr'>Aristophanis</span> 
     </span>
     <span class='ocr_line' id='line_1_9' title="bbox 264 1583 1341 1692; baseline 0.002 -26"><span class='ocrx_word' id='word_1_52' title='bbox 264 1602 388 1667; x_wconf 82' lang='lat' dir='ltr'>fabulas</span> <span class='ocrx_word' id='word_1_53' title='bbox 421 1610 507 1669; x_wconf 86' lang='lat' dir='ltr'>recte</span> <span class='ocrx_word' id='word_1_54' title='bbox 539 1606 708 1670; x_wconf 86' lang='lat' dir='ltr'>aestimare</span> <span class='ocrx_word' id='word_1_55' title='bbox 736 1607 857 1692; x_wconf 90' lang='lat' dir='ltr'>nequit.</span> <span class='ocrx_word' id='word_1_56' title='bbox 871 1607 902 1690; x_wconf 85' lang='grc'>*)</span> <span class='ocrx_word' id='word_1_57' title='bbox 932 1605 1133 1692; x_wconf 82' lang='lat' dir='ltr'>Spectatores</span> <span class='ocrx_word' id='word_1_58' title='bbox 1159 1610 1268 1669; x_wconf 90' lang='lat' dir='ltr'>contra</span> <span class='ocrx_word' id='word_1_59' title='bbox 1293 1583 1341 1668; x_wconf 64' lang='lat' dir='ltr'>ad¹</span> 
     </span>
     <span class='ocr_line' id='line_1_10' title="bbox 263 1733 1336 1821; baseline 0 -25"><span class='ocrx_word' id='word_1_60' title='bbox 263 1753 364 1796; x_wconf 91' lang='lat' dir='ltr'>unum</span> <span class='ocrx_word' id='word_1_61' title='bbox 387 1753 495 1798; x_wconf 88' lang='lat' dir='ltr'>omnes</span> <span class='ocrx_word' id='word_1_62' title='bbox 517 1735 563 1798; x_wconf 88' lang='lat' dir='ltr'>rei</span> <span class='ocrx_word' id='word_1_63' title='bbox 585 1735 731 1820; x_wconf 86' lang='lat' dir='ltr'>publicae</span> <span class='ocrx_word' id='word_1_64' title='bbox 753 1736 847 1821; x_wconf 89' lang='lat' dir='ltr'>periti</span> <span class='ocrx_word' id='word_1_65' title='bbox 870 1735 976 1800; x_wconf 88' lang='lat' dir='ltr'>omnia</span> <span class='ocrx_word' id='word_1_66' title='bbox 996 1735 1030 1798; x_wconf 90' lang='lat' dir='ltr'>in</span> <span class='ocrx_word' id='word_1_67' title='bbox 1043 1755 1170 1798; x_wconf 87' lang='lat' dir='ltr'>scenam</span> <span class='ocrx_word' id='word_1_68' title='bbox 1181 1733 1336 1820; x_wconf 87' lang='lat' dir='ltr'>producta</span> 
     </span>
     <span class='ocr_line' id='line_1_11' title="bbox 263 1860 1335 1950; baseline 0.003 -27"><span class='ocrx_word' id='word_1_69' title='bbox 263 1860 477 1945; x_wconf 84' lang='lat' dir='ltr'>intelligentes</span> <span class='ocrx_word' id='word_1_70' title='bbox 518 1863 694 1926; x_wconf 81' lang='lat' dir='ltr'>maximam</span> <span class='ocrx_word' id='word_1_71' title='bbox 728 1864 928 1950; x_wconf 78' lang='lat' dir='ltr'>voluptatem</span> <span class='ocrx_word' id='word_1_72' title='bbox 960 1862 1130 1949; x_wconf 87' lang='lat' dir='ltr'>capiebant</span> <span class='ocrx_word' id='word_1_73' title='bbox 1162 1883 1180 1926; x_wconf 88' lang='lat' dir='ltr'>s</span> <span class='ocrx_word' id='word_1_74' title='bbox 1213 1862 1335 1927; x_wconf 88' lang='lat' dir='ltr'>facetiis</span> 
     </span>
     <span class='ocr_line' id='line_1_12' title="bbox 264 1969 1335 2077; baseline 0.002 -26"><span class='ocrx_word' id='word_1_75' title='bbox 264 1987 375 2074; x_wconf 87' lang='lat' dir='ltr'>lepidis</span> <span class='ocrx_word' id='word_1_76' title='bbox 399 1995 431 2054; x_wconf 89' lang='lat' dir='ltr'>st</span> <span class='ocrx_word' id='word_1_77' title='bbox 453 1990 624 2075; x_wconf 86' lang='lat' dir='ltr'>ingeniosis</span> <span class='ocrx_word' id='word_1_78' title='bbox 648 1969 763 2076; x_wconf 91' lang='lat' dir='ltr'>quibus</span> <span class='ocrx_word' id='word_1_79' title='bbox 786 1996 899 2077; x_wconf 73' lang='lat' dir='ltr'>podtae</span> <span class='ocrx_word' id='word_1_80' title='bbox 921 1992 1006 2056; x_wconf 82' lang='lat' dir='ltr'>viros</span> <span class='ocrx_word' id='word_1_81' title='bbox 1030 1991 1197 2077; x_wconf 90' lang='lat' dir='ltr'>primarios</span> <span class='ocrx_word' id='word_1_82' title='bbox 1220 1990 1335 2054; x_wconf 86' lang='lat' dir='ltr'>acriter</span> 
     </span>
     <span class='ocr_line' id='line_1_13' title="bbox 263 2116 1336 2204; baseline 0.003 -25"><span class='ocrx_word' id='word_1_83' title='bbox 263 2116 417 2182; x_wconf 79' lang='lat' dir='ltr'>lacessere</span> <span class='ocrx_word' id='word_1_84' title='bbox 439 2138 502 2182; x_wconf 93' lang='lat' dir='ltr'>non</span> <span class='ocrx_word' id='word_1_85' title='bbox 534 2118 706 2183; x_wconf 88' lang='lat' dir='ltr'>desierunt.</span> <span class='ocrx_word' id='word_1_86' title='bbox 730 2118 836 2193; x_wconf 90' lang='lat' dir='ltr'>Quum</span> <span class='ocrx_word' id='word_1_87' title='bbox 860 2120 969 2184; x_wconf 89' lang='lat' dir='ltr'>statim</span> <span class='ocrx_word' id='word_1_88' title='bbox 991 2120 1229 2204; x_wconf 80' lang='lat' dir='ltr'>intellegerent,</span> <span class='ocrx_word' id='word_1_89' title='bbox 1254 2139 1336 2204; x_wconf 88' lang='lat' dir='ltr'>quae</span> 
     </span>
     <span class='ocr_line' id='line_1_14' title="bbox 264 2243 1336 2332; baseline 0 -24"><span class='ocrx_word' id='word_1_90' title='bbox 264 2243 354 2308; x_wconf 89' lang='lat' dir='ltr'>nobis</span> <span class='ocrx_word' id='word_1_91' title='bbox 390 2247 580 2332; x_wconf 72' lang='lat' dir='ltr'>saepissime,</span> <span class='ocrx_word' id='word_1_92' title='bbox 605 2253 680 2312; x_wconf 91' lang='lat' dir='ltr'>sunt</span> <span class='ocrx_word' id='word_1_93' title='bbox 713 2247 952 2331; x_wconf 90' lang='lat' dir='ltr'>obscurissima,</span> <span class='ocrx_word' id='word_1_94' title='bbox 983 2248 1076 2312; x_wconf 88' lang='lat' dir='ltr'>facile</span> <span class='ocrx_word' id='word_1_95' title='bbox 1098 2268 1174 2312; x_wconf 88' lang='lat' dir='ltr'>vera</span> <span class='ocrx_word' id='word_1_96' title='bbox 1195 2267 1232 2310; x_wconf 90' lang='lat' dir='ltr'>ac</span> <span class='ocrx_word' id='word_1_97' title='bbox 1255 2245 1336 2309; x_wconf 91' lang='lat' dir='ltr'>falsa</span> 
     </span>
     <span class='ocr_line' id='line_1_15' title="bbox 264 2371 1335 2461; baseline 0.003 -26"><span class='ocrx_word' id='word_1_98' title='bbox 264 2371 502 2457; x_wconf 81' lang='lat' dir='ltr'>dijudicabant,</span> <span class='ocrx_word' id='word_1_99' title='bbox 536 2374 617 2439; x_wconf 92' lang='lat' dir='ltr'>nihil</span> <span class='ocrx_word' id='word_1_100' title='bbox 649 2377 764 2461; x_wconf 88' lang='lat' dir='ltr'>plane,</span> <span class='ocrx_word' id='word_1_101' title='bbox 787 2382 824 2439; x_wconf 92' lang='lat' dir='ltr'>ut</span> <span class='ocrx_word' id='word_1_102' title='bbox 847 2375 1031 2460; x_wconf 86' lang='lat' dir='ltr'>exemplum</span> <span class='ocrx_word' id='word_1_103' title='bbox 1054 2374 1201 2457; x_wconf 87' lang='lat' dir='ltr'>afferam,</span> <span class='ocrx_word' id='word_1_104' title='bbox 1224 2394 1335 2438; x_wconf 88' lang='lat' dir='ltr'>eorum</span> 
     </span>
     <span class='ocr_line' id='line_1_16' title="bbox 264 2501 1335 2590; baseline 0 -24"><span class='ocrx_word' id='word_1_105' title='bbox 264 2501 455 2585; x_wconf 90' lang='lat' dir='ltr'>credebant,</span> <span class='ocrx_word' id='word_1_106' title='bbox 490 2524 572 2588; x_wconf 87' lang='lat' dir='ltr'>quae</span> <span class='ocrx_word' id='word_1_107' title='bbox 605 2502 838 2590; x_wconf 87' lang='lat' dir='ltr'>Aristophanes</span> <span class='ocrx_word' id='word_1_108' title='bbox 868 2502 1039 2588; x_wconf 87' lang='lat' dir='ltr'>jactitabat</span> <span class='ocrx_word' id='word_1_109' title='bbox 1063 2502 1103 2568; x_wconf 88' lang='lat' dir='ltr'>de</span> <span class='ocrx_word' id='word_1_110' title='bbox 1125 2501 1243 2567; x_wconf 78' lang='lat' dir='ltr'>Cleone</span> <span class='ocrx_word' id='word_1_111' title='bbox 1266 2523 1335 2566; x_wconf 86' lang='lat' dir='ltr'>mu·</span> 
     </span>
     <span class='ocr_line' id='line_1_17' title="bbox 263 2630 1336 2718; baseline 0.002 -26"><span class='ocrx_word' id='word_1_112' title='bbox 263 2630 392 2694; x_wconf 87' lang='lat' dir='ltr'>neribus</span> <span class='ocrx_word' id='word_1_113' title='bbox 415 2631 570 2695; x_wconf 86' lang='lat' dir='ltr'>sociorum</span> <span class='ocrx_word' id='word_1_114' title='bbox 592 2639 750 2718; x_wconf 89' lang='lat' dir='ltr'>corrupto.</span> <span class='ocrx_word' id='word_1_115' title='bbox 778 2632 1029 2698; x_wconf 88' lang='lat' dir='ltr'>Delectabantur</span> <span class='ocrx_word' id='word_1_116' title='bbox 1057 2637 1167 2696; x_wconf 89' lang='lat' dir='ltr'>autem</span> <span class='ocrx_word' id='word_1_117' title='bbox 1197 2630 1336 2696; x_wconf 90' lang='lat' dir='ltr'>dicteriis</span> 
     </span>
     <span class='ocr_line' id='line_1_18' title="bbox 263 2759 1335 2846; baseline 0.002 -24"><span class='ocrx_word' id='word_1_118' title='bbox 263 2759 354 2823; x_wconf 89' lang='lat' dir='ltr'>salsis</span> <span class='ocrx_word' id='word_1_119' title='bbox 388 2781 425 2824; x_wconf 88' lang='lat' dir='ltr'>ac</span> <span class='ocrx_word' id='word_1_120' title='bbox 454 2759 653 2825; x_wconf 82' lang='lat' dir='ltr'>mordacibus</span> <span class='ocrx_word' id='word_1_121' title='bbox 673 2762 775 2826; x_wconf 86' lang='lat' dir='ltr'>facete</span> <span class='ocrx_word' id='word_1_122' title='bbox 797 2782 817 2825; x_wconf 91' lang='lat' dir='ltr'>a</span> <span class='ocrx_word' id='word_1_123' title='bbox 838 2765 934 2846; x_wconf 78' lang='lat' dir='ltr'>podta</span> <span class='ocrx_word' id='word_1_124' title='bbox 954 2761 987 2824; x_wconf 92' lang='lat' dir='ltr'>in</span> <span class='ocrx_word' id='word_1_125' title='bbox 1010 2760 1115 2824; x_wconf 81' lang='lat' dir='ltr'>virum</span> <span class='ocrx_word' id='word_1_126' title='bbox 1138 2759 1335 2845; x_wconf 85' lang='lat' dir='ltr'>praepollen-</span> 
     </span>
     <span class='ocr_line' id='line_1_19' title="bbox 263 2887 1334 2974; baseline 0 -24"><span class='ocrx_word' id='word_1_127' title='bbox 263 2891 332 2951; x_wconf 92' lang='lat' dir='ltr'>tum</span> <span class='ocrx_word' id='word_1_128' title='bbox 367 2888 526 2973; x_wconf 89' lang='lat' dir='ltr'>conjectis.</span> <span class='ocrx_word' id='word_1_129' title='bbox 563 2888 655 2963; x_wconf 89' lang='lat' dir='ltr'>Quod</span> <span class='ocrx_word' id='word_1_130' title='bbox 688 2890 750 2953; x_wconf 90' lang='lat' dir='ltr'>nisi</span> <span class='ocrx_word' id='word_1_131' title='bbox 781 2890 827 2953; x_wconf 89' lang='lat' dir='ltr'>ita</span> <span class='ocrx_word' id='word_1_132' title='bbox 851 2894 951 2972; x_wconf 89' lang='lat' dir='ltr'>esset,</span> <span class='ocrx_word' id='word_1_133' title='bbox 975 2888 1030 2974; x_wconf 90' lang='lat' dir='ltr'>qui</span> <span class='ocrx_word' id='word_1_134' title='bbox 1053 2887 1122 2953; x_wconf 87' lang='lat' dir='ltr'>lieri</span> <span class='ocrx_word' id='word_1_135' title='bbox 1147 2892 1273 2974; x_wconf 88' lang='lat' dir='ltr'>poterat</span> <span class='ocrx_word' id='word_1_136' title='bbox 1297 2891 1334 2951; x_wconf 92' lang='lat' dir='ltr'>ut</span> 
     </span>
     <span class='ocr_line' id='line_1_20' title="bbox 264 3013 1334 3105; baseline 0.002 -27"><span class='ocrx_word' id='word_1_137' title='bbox 264 3013 477 3082; x_wconf 80' lang='lat' dir='ltr'>Athenienses</span> <span class='ocrx_word' id='word_1_138' title='bbox 500 3024 629 3083; x_wconf 86' lang='lat' dir='ltr'>auctore</span> <span class='ocrx_word' id='word_1_139' title='bbox 651 3017 838 3105; x_wconf 79' lang='lat' dir='ltr'>Thucydide</span> <span class='ocrx_word' id='word_1_140' title='bbox 860 3039 916 3104; x_wconf 90' lang='lat' dir='ltr'>per</span> <span class='ocrx_word' id='word_1_141' title='bbox 936 3017 1054 3082; x_wconf 91' lang='lat' dir='ltr'>multos</span> <span class='ocrx_word' id='word_1_142' title='bbox 1075 3037 1175 3080; x_wconf 91' lang='lat' dir='ltr'>annos</span> <span class='ocrx_word' id='word_1_143' title='bbox 1193 3016 1226 3079; x_wconf 92' lang='lat' dir='ltr'>in</span> <span class='ocrx_word' id='word_1_144' title='bbox 1239 3014 1334 3080; x_wconf 89' lang='lat' dir='ltr'>rebus</span> 
     </span>
     <span class='ocr_line' id='line_1_21' title="bbox 262 3143 1334 3232; baseline 0 -24"><span class='ocrx_word' id='word_1_145' title='bbox 262 3145 458 3229; x_wconf 83' lang='lat' dir='ltr'>gravissimis</span> <span class='ocrx_word' id='word_1_146' title='bbox 491 3147 585 3210; x_wconf 89' lang='lat' dir='ltr'>unius</span> <span class='ocrx_word' id='word_1_147' title='bbox 619 3145 746 3212; x_wconf 84' lang='lat' dir='ltr'>Cleonis</span> <span class='ocrx_word' id='word_1_148' title='bbox 764 3145 885 3232; x_wconf 86' lang='lat' dir='ltr'>judicio</span> <span class='ocrx_word' id='word_1_149' title='bbox 907 3146 1096 3210; x_wconf 88' lang='lat' dir='ltr'>niterentur.</span> <span class='ocrx_word' id='word_1_150' title='bbox 1120 3143 1183 3218; x_wconf 89' lang='lat' dir='ltr'>Qui</span> <span class='ocrx_word' id='word_1_151' title='bbox 1204 3145 1238 3208; x_wconf 91' lang='lat' dir='ltr'>in</span> <span class='ocrx_word' id='word_1_152' title='bbox 1261 3164 1334 3208; x_wconf 91' lang='lat' dir='ltr'>con·</span> 
     </span>
     <span class='ocr_line' id='line_1_22' title="bbox 262 3271 1332 3359; baseline 0.001 -23"><span class='ocrx_word' id='word_1_153' title='bbox 262 3272 405 3338; x_wconf 89' lang='lat' dir='ltr'>cionibus</span> <span class='ocrx_word' id='word_1_154' title='bbox 446 3275 553 3338; x_wconf 89' lang='lat' dir='ltr'>omnia</span> <span class='ocrx_word' id='word_1_155' title='bbox 586 3273 764 3359; x_wconf 87' lang='lat' dir='ltr'>Demagogi</span> <span class='ocrx_word' id='word_1_156' title='bbox 796 3272 895 3339; x_wconf 89' lang='lat' dir='ltr'>verba</span> <span class='ocrx_word' id='word_1_157' title='bbox 928 3271 1134 3359; x_wconf 90' lang='lat' dir='ltr'>comprobare</span> <span class='ocrx_word' id='word_1_158' title='bbox 1167 3272 1332 3354; x_wconf 88' lang='lat' dir='ltr'>solebant,</span> 
     </span>
     <span class='ocr_line' id='line_1_23' title="bbox 262 3399 1332 3494; baseline 0 -30"><span class='ocrx_word' id='word_1_159' title='bbox 262 3400 358 3494; x_wconf 85' lang='lat' dir='ltr'>iidem</span> <span class='ocrx_word' id='word_1_160' title='bbox 379 3403 413 3464; x_wconf 89' lang='lat' dir='ltr'>in</span> <span class='ocrx_word' id='word_1_161' title='bbox 434 3402 560 3467; x_wconf 90' lang='lat' dir='ltr'>theatro</span> <span class='ocrx_word' id='word_1_162' title='bbox 582 3423 656 3467; x_wconf 88' lang='lat' dir='ltr'>eum</span> <span class='ocrx_word' id='word_1_163' title='bbox 678 3401 842 3484; x_wconf 89' lang='lat' dir='ltr'>ridebant,</span> <span class='ocrx_word' id='word_1_164' title='bbox 865 3407 902 3466; x_wconf 90' lang='lat' dir='ltr'>ut</span> <span class='ocrx_word' id='word_1_165' title='bbox 921 3399 1124 3487; x_wconf 84' lang='lat' dir='ltr'>Euripidem,</span> <span class='ocrx_word' id='word_1_166' title='bbox 1137 3401 1332 3487; x_wconf 89' lang='lat' dir='ltr'>utseipsos,</span> 
     </span>
     <span class='ocr_line' id='line_1_24' title="bbox 261 3526 1332 3595; baseline 0.001 -2"><span class='ocrx_word' id='word_1_167' title='bbox 261 3535 298 3594; x_wconf 87' lang='lat' dir='ltr'>ut</span> <span class='ocrx_word' id='word_1_168' title='bbox 332 3528 406 3594; x_wconf 88' lang='lat' dir='ltr'>deos</span> <span class='ocrx_word' id='word_1_169' title='bbox 440 3530 537 3594; x_wconf 90' lang='lat' dir='ltr'>etiam</span> <span class='ocrx_word' id='word_1_170' title='bbox 567 3529 714 3595; x_wconf 90' lang='lat' dir='ltr'>ridebant</span> <span class='ocrx_word' id='word_1_171' title='bbox 745 3551 870 3595; x_wconf 90' lang='lat' dir='ltr'>summa</span> <span class='ocrx_word' id='word_1_172' title='bbox 893 3550 966 3594; x_wconf 89' lang='lat' dir='ltr'>oum</span> <span class='ocrx_word' id='word_1_173' title='bbox 989 3528 1137 3594; x_wconf 88' lang='lat' dir='ltr'>libertate</span> <span class='ocrx_word' id='word_1_174' title='bbox 1158 3526 1332 3594; x_wconf 88' lang='lat' dir='ltr'>traductos.</span> 
     </span>
     <span class='ocr_line' id='line_1_25' title="bbox 263 3656 1333 3744; baseline 0 -22"><span class='ocrx_word' id='word_1_175' title='bbox 263 3656 327 3722; x_wconf 80' lang='lat' dir='ltr'>Sed</span> <span class='ocrx_word' id='word_1_176' title='bbox 348 3659 437 3723; x_wconf 91' lang='lat' dir='ltr'>nullo</span> <span class='ocrx_word' id='word_1_177' title='bbox 461 3658 553 3723; x_wconf 93' lang='lat' dir='ltr'>modo</span> <span class='ocrx_word' id='word_1_178' title='bbox 576 3659 809 3744; x_wconf 87' lang='lat' dir='ltr'>Aristophanes</span> <span class='ocrx_word' id='word_1_179' title='bbox 832 3679 869 3723; x_wconf 89' lang='lat' dir='ltr'>eo</span> <span class='ocrx_word' id='word_1_180' title='bbox 894 3658 1063 3744; x_wconf 89' lang='lat' dir='ltr'>populares</span> <span class='ocrx_word' id='word_1_181' title='bbox 1084 3656 1258 3743; x_wconf 87' lang='lat' dir='ltr'>perducere</span> <span class='ocrx_word' id='word_1_182' title='bbox 1279 3678 1333 3743; x_wconf 95' lang='lat' dir='ltr'>po·</span> 
     </span>
     <span class='ocr_line' id='line_1_26' title="bbox 262 3785 1332 3874; baseline 0.001 -24"><span class='ocrx_word' id='word_1_183' title='bbox 262 3793 362 3871; x_wconf 88' lang='lat' dir='ltr'>terat,</span> <span class='ocrx_word' id='word_1_184' title='bbox 387 3793 423 3854; x_wconf 90' lang='lat' dir='ltr'>ut</span> <span class='ocrx_word' id='word_1_185' title='bbox 447 3788 569 3853; x_wconf 87' lang='lat' dir='ltr'>minore</span> <span class='ocrx_word' id='word_1_186' title='bbox 592 3790 706 3874; x_wconf 89' lang='lat' dir='ltr'>plausu</span> <span class='ocrx_word' id='word_1_187' title='bbox 730 3787 903 3853; x_wconf 85' lang='lat' dir='ltr'>adversarii</span> <span class='ocrx_word' id='word_1_188' title='bbox 926 3785 1104 3872; x_wconf 85' lang='lat' dir='ltr'>trcgoedias</span> <span class='ocrx_word' id='word_1_189' title='bbox 1126 3786 1332 3872; x_wconf 79' lang='lat' dir='ltr'>exciperent3</span> 
     </span>
    </p>
   </div>
   <div class='ocr_carea' id='block_1_5' title="bbox 261 4016 1334 4388">
    <p class='ocr_par' dir='ltr' id='par_1_5' title="bbox 261 4016 1334 4388">
     <span class='ocr_line' id='line_1_27' title="bbox 293 4016 1330 4083; baseline -0.003 -15"><span class='ocrx_word' id='word_1_190' title='bbox 293 4017 321 4083; x_wconf 77' lang='lat' dir='ltr'>*l</span> <span class='ocrx_word' id='word_1_191' title='bbox 339 4017 428 4068; x_wconf 80' lang='lat' dir='ltr'>Pericl.</span> <span class='ocrx_word' id='word_1_192' title='bbox 447 4018 658 4070; x_wconf 79' lang='lat' dir='ltr'>13.Lreu11.³e.</span> <span class='ocrx_word' id='word_1_193' title='bbox 683 4019 797 4082; x_wconf 74' lang='lat' dir='ltr'>Epitome</span> <span class='ocrx_word' id='word_1_194' title='bbox 817 4024 867 4082; x_wconf 78' lang='grc' dir='ltr'>τῆς</span> <span class='ocrx_word' id='word_1_195' title='bbox 883 4017 1044 4082; x_wconf 71' lang='grc' dir='ltr'>σινγιιρίσιυς</span> <span class='ocrx_word' id='word_1_196' title='bbox 1053 4016 1266 4082; x_wconf 69' lang='grc' dir='ltr'>Ἀριστοφάνους</span> <span class='ocrx_word' id='word_1_197' title='bbox 1284 4019 1330 4066; x_wconf 72' lang='lat' dir='ltr'>sui</span> 
     </span>
     <span class='ocr_line' id='line_1_28' title="bbox 262 4121 1334 4191; baseline -0.001 -18"><span class='ocrx_word' id='word_1_198' title='bbox 262 4123 429 4189; x_wconf 71' lang='lat' dir='ltr'>Msrdrdpoc</span> <span class='ocrx_word' id='word_1_199' title='bbox 449 4124 522 4190; x_wconf 81' lang='lat' dir='ltr'>(lior.</span> <span class='ocrx_word' id='word_1_200' title='bbox 538 4140 562 4189; x_wconf 90' lang='lat' dir='ltr'>p.</span> <span class='ocrx_word' id='word_1_201' title='bbox 578 4127 628 4176; x_wconf 76' lang='lat'>853</span> <span class='ocrx_word' id='word_1_202' title='bbox 642 4125 692 4191; x_wconf 83' lang='lat' dir='ltr'>sq.)</span> <span class='ocrx_word' id='word_1_203' title='bbox 710 4123 794 4190; x_wconf 77' lang='lat' dir='ltr'>Symp.</span> <span class='ocrx_word' id='word_1_204' title='bbox 812 4123 872 4172; x_wconf 89' lang='lat' dir='ltr'>Vll.</span> <span class='ocrx_word' id='word_1_205' title='bbox 892 4125 908 4174; x_wconf 87' lang='lat'>8</span> <span class='ocrx_word' id='word_1_206' title='bbox 924 4137 948 4187; x_wconf 82' lang='lat' dir='ltr'>p.</span> <span class='ocrx_word' id='word_1_207' title='bbox 966 4124 1012 4173; x_wconf 74' lang='lat'>711</span> <span class='ocrx_word' id='word_1_208' title='bbox 1030 4137 1068 4188; x_wconf 86' lang='lat' dir='ltr'>sq.</span> <span class='ocrx_word' id='word_1_209' title='bbox 1077 4121 1228 4173; x_wconf 81' lang='lat' dir='ltr'>Plutarchus</span> <span class='ocrx_word' id='word_1_210' title='bbox 1237 4121 1334 4174; x_wconf 83' lang='lat' dir='ltr'>damon·</span> 
     </span>
     <span class='ocr_line' id='line_1_29' title="bbox 262 4227 1333 4296; baseline -0.002 -16"><span class='ocrx_word' id='word_1_211' title='bbox 262 4234 325 4281; x_wconf 81' lang='lat' dir='ltr'>strat</span> <span class='ocrx_word' id='word_1_212' title='bbox 342 4229 485 4282; x_wconf 86' lang='lat' dir='ltr'>hominibus</span> <span class='ocrx_word' id='word_1_213' title='bbox 502 4230 605 4282; x_wconf 79' lang='lat' dir='ltr'>urbanis</span> <span class='ocrx_word' id='word_1_214' title='bbox 622 4233 696 4296; x_wconf 81' lang='lat' dir='ltr'>atquc</span> <span class='ocrx_word' id='word_1_215' title='bbox 721 4227 879 4295; x_wconf 76' lang='lat' dir='ltr'>elegantibus</span> <span class='ocrx_word' id='word_1_216' title='bbox 896 4227 1043 4280; x_wconf 76' lang='lat' dir='ltr'>comoediam</span> <span class='ocrx_word' id='word_1_217' title='bbox 1061 4227 1197 4292; x_wconf 82' lang='lat' dir='ltr'>Antiquam</span> <span class='ocrx_word' id='word_1_218' title='bbox 1215 4241 1263 4278; x_wconf 87' lang='lat' dir='ltr'>non</span> <span class='ocrx_word' id='word_1_219' title='bbox 1279 4242 1333 4278; x_wconf 77' lang='lat' dir='ltr'>coac</span> 
     </span>
     <span class='ocr_line' id='line_1_30' title="bbox 261 4335 616 4388; baseline 0.011 -4"><span class='ocrx_word' id='word_1_220' title='bbox 261 4335 391 4388; x_wconf 77' lang='lat' dir='ltr'>terendam.</span> <span class='ocrx_word' id='word_1_221' title='bbox 409 4337 472 4386; x_wconf 85' lang='lat' dir='ltr'>Luc.</span> <span class='ocrx_word' id='word_1_222' title='bbox 489 4337 541 4388; x_wconf 82' lang='lat' dir='ltr'>Bis.</span> <span class='ocrx_word' id='word_1_223' title='bbox 560 4336 616 4388; x_wconf 85' lang='lat' dir='ltr'>Aca.</span> 
     </span>
    </p>
   </div>
   <div class='ocr_carea' id='block_1_6' title="bbox 0 0 1712 5042">
    <p class='ocr_par' dir='ltr' id='par_1_6' title="bbox 0 0 1712 5042">
     <span class='ocr_line' id='line_1_31' title="bbox 0 0 1712 5042; baseline 0 0"><span class='ocrx_word' id='word_1_224' title='bbox 0 0 1712 5042; x_wconf 95' lang='lat' dir='ltr'> </span> 
     </span>
    </p>
   </div>
  </div>
 </body>
</html>
