3414 5042
855 635 895 694 rt

338 837 543 902 venerandos.
591 835 705 921 Itaque
752 857 880 900 servum
920 837 1079 922 quendam
1117 837 1211 921 jubet
1253 861 1300 903 vs.
1336 841 1409 904 860.

512 963 587 1026 ἀλλ’
610 965 649 1032 ὠς
672 961 816 1044 τάχιστκ
841 973 898 1043 cop
923 987 969 1038 τν,·
995 963 1188 1042 ἐξενεγκάτω

339 1094 494 1159 Attamen
525 1093 608 1177 ignis
634 1094 703 1176 jom
734 1093 823 1156 adest
845 1099 926 1158 testo
949 1095 1017 1180 ipso
1040 1093 1253 1180 Bdelyoleone
1275 1117 1321 1160 vn.
1347 1099 1410 1160 812

513 1225 566 1284 κκὶ
592 1230 649 1300 πῦρ
673 1245 712 1298 γε
737 1221 836 1288 τουτὶ.

382 1351 488 1424 Quum
512 1373 558 1414 vs.
583 1353 645 1414 812
669 1357 737 1414 tum
760 1373 806 1415 vs.
824 1353 887 1415 860
899 1373 972 1414 oum
985 1352 1129 1437 proxime
1142 1351 1407 1438 praecedentibus

338 1487 369 1544 et
404 1479 609 1565 sequentibus
644 1480 762 1564 optime
796 1479 954 1543 cohaeret.
991 1478 1077 1544 Fieri
1112 1480 1211 1564 igitur
1246 1485 1351 1565 potest
1375 1467 1411 1544 it

338 1613 449 1695 pocta,
473 1629 607 1693 quorum
630 1613 725 1671 anton
748 1607 916 1693 scripserat
939 1607 1066 1690 oblitus,
1092 1630 1138 1671 vs.
1163 1611 1226 1672 860
1250 1607 1412 1692 denuoig·

338 1759 411 1801 nem
434 1723 736 1801 commemoraverit.

384 1865 473 1939 Quae
509 1865 667 1928 sententie
700 1865 727 1928 si
761 1865 866 1928 minus
900 1865 1004 1950 piacet
1038 1865 1244 1928 statuendum
1275 1886 1321 1928 vs.
1348 1865 1412 1928 860

341 1994 478 2058 scribom
513 1991 673 2076 quendem
709 1999 765 2056 cut
789 1992 987 2077 corrupisse,
1011 1997 1067 2056 out
1091 1993 1204 2056 ceteris
1230 1991 1411 2056 inseruisse.

384 2122 497 2186 Finem
520 2120 674 2184 faciamus
698 2119 775 2184 duos
799 2142 909 2183 vorsus
932 2120 1055 2205 spurios
1078 2120 1256 2185 indicendo.

384 2250 459 2314 Jorn
493 2249 526 2313 in
561 2271 598 2313 eo
621 2255 669 2313 est
693 2248 873 2331 Philocles,
897 2255 933 2313 ut
957 2249 1092 2314 Helicen
1116 2249 1260 2334 potentie
1282 2248 1414 2314 laudere

339 2379 483 2464 incipiet.

384 2507 424 2570 In
446 2506 595 2570 Editione
620 2506 775 2571 Meinekii
797 2504 876 2568 haec
899 2505 1109 2590 praecedunt:

803 2641 945 2696 ΧΟΡΟΣ

658 2768 706 2826 νῦν
731 2762 766 2842 δὴ
790 2763 841 2826 τὸν
861 2765 895 2826 ἐκ
917 2760 1088 2840 θήμετέρου
1289 2784 1337 2826 vs.
1351 2764 1413 2827 526

659 2890 832 2968 γυμνασίου
856 2891 905 2954 δεῖ
924 2891 957 2956 rr'
976 2890 1081 2968 λέγειν

664 3016 777 3090 καινόν,
802 3014 882 3093 ὅπως
901 3020 1035 3100 &actore

727 3155 1028 3212 ΒΔΕΛΤΚΛΕΩΝ

344 3277 497 3353 ἐνεγκάτω
521 3298 572 3353 μοι
597 3276 678 3355 δεῦρο
702 3275 756 3348 τήν
783 3276 889 3349 κίστην
914 3300 960 3351 τις
983 3277 1021 3346 ὡς
1046 3280 1198 3355 τάχιστον.

342 3403 422 3482 ἀτὰρ
445 3409 543 3483 φανεῖ
563 3399 647 3480 ποῖός
670 3427 716 3476 τις
742 3403 779 3467 ὢν
806 3403 839 3478 ἢν
862 3412 967 3468 ταῦτα
991 3401 1200 3487 πνρακελεύνς
1290 3424 1337 3469 νε.
1352 3405 1415 3466 530

781 3542 922 3597 ΧΟΡΟΣ

663 3667 707 3742 μὴ
731 3660 816 3725 κατὰ
839 3662 890 3726 τὸν
917 3660 1040 3726 νεανίαιν

658 3789 742 3854 τόνδε
765 3793 875 3866 λέγων.
945 3813 974 3854 κ.
987 3813 1016 3853 τ.
1029 3802 1059 3854 λ.

388 3906 526 3982 Versum
551 3923 613 3984 530
637 3921 692 3985 elii
715 3921 779 3984 olio
799 3919 892 3984 modo
914 3919 1150 4004 explicuerunt.

388 4048 521 4112 Brunck
555 4071 628 4112 eum
663 4049 768 4113 Choro
803 4049 858 4112 dot
894 4055 926 4111 ot
953 4047 999 4112 ito
1024 4047 1141 4111 vertit:
1170 4045 1262 4126 ,Non
1287 4067 1417 4130 prorsus

345 4176 440 4243 homo
469 4178 561 4241 nihili
584 4177 764 4261 videberis,
789 4179 815 4241 si
838 4177 924 4241 istud
948 4177 1006 4241 tibi
1024 4176 1120 4261 jubes
1145 4175 1247 4239 dori.’'

390 4305 524 4370 Richter
566 4307 730 4370 contendit
764 4305 986 4390 Bdelyclconis
1021 4327 1089 4369 esse
1123 4325 1250 4368 versum
1285 4302 1417 4386 ejusque
