3414 5042
780 607 820 666 85

266 794 369 879 Regia
392 797 577 879 progenies3
601 796 676 859 huic
699 797 726 859 si
749 797 938 861 descendere
962 798 1129 882 adipsum

266 921 384 1006 OrdInc
406 931 559 1008 perpetuo
580 924 723 1007 quaeris,
749 929 823 986 sunt
847 924 915 987 ilus
939 924 1027 1009 origo

265 1049 509 1135 Laomedonque
532 1071 629 1114 senex
653 1051 863 1135 Priamusque
885 1053 1056 1115 novissima
1068 1051 1183 1115 Troiae
1206 1056 1265 1113 oet.

267 1539 377 1603 Cicero
412 1540 503 1604 Brut.
538 1542 636 1607 VIII.
673 1547 724 1606 31.
749 1543 811 1606 His
834 1543 985 1628 opposuit¹
1005 1563 1073 1606 sese
1097 1541 1259 1622 Socrates,
1284 1545 1339 1627 qui

266 1667 442 1732 subtilitate
464 1669 602 1754 quadam
625 1670 807 1755 disputandi
829 1671 973 1734 refellere
997 1691 1107 1733 corum
1130 1670 1279 1733 instituta
1291 1691 1340 1733 so·

266 1794 352 1858 lebat
377 1797 545 1860 verbis.

267 1925 331 1990 Pro
355 1928 509 1991 vocabulo
532 1928 690 1992 verbis
718 1926 802 2012 quod
821 1948 916 1990 sensu
928 1931 1014 1990 caret
1028 1925 1098 2009 lego
1124 1946 1144 1987 u
1154 1946 1168 1987 r
1178 1925 1199 1988 b
1208 1947 1227 1988 a
1236 1947 1256 1987 n
1265 1925 1275 1988 i
1285 1947 1306 1989 u
1315 1948 1339 1990 s.

749 2171 848 2236 XIX.

312 2417 434 2482 Ibidem
470 2418 559 2484 XCI.
589 2423 662 2482 315.
686 2419 764 2482 Post
788 2441 807 2481 a
829 2439 880 2481 me
905 2417 984 2481 Asia
1008 2425 1076 2482 tota
1100 2424 1270 2502 peragrata
1292 2423 1340 2480 est

268 2568 340 2610 cum
364 2549 494 2610 summis
519 2547 647 2632 quidem
670 2547 868 2628 oratoribus,
895 2547 1087 2632 quibuscum
1110 2545 1341 2630 cxcrcebarip·

271 2676 314 2737 sis
338 2674 531 2738 lubentibus.

311 2801 514 2887 Legendum:
550 2801 627 2866 Post
661 2825 681 2866 a
714 2824 764 2867 me
798 2802 877 2865 Asia
911 2809 980 2866 tota
1014 2807 1185 2887 peragrata
1215 2805 1263 2864 est
1297 2806 1340 2863 et

267 2931 397 2993 summis
420 2930 548 3015 quidem
571 2931 749 2996 oratoribus
774 2953 850 2995 usus
879 2951 959 2994 sum.

310 3421 421 3487 Cicero
443 3446 499 3509 pro
524 3424 639 3489 Roscio
662 3423 736 3489 Am.
761 3426 812 3488 26.
839 3422 951 3488 deinde
965 3421 1130 3506 aliquanto
1155 3421 1340 3485 lentius

268 3571 288 3612 n
300 3551 310 3613 i
323 3550 345 3614 h
356 3551 367 3614 i
379 3552 390 3614 l
413 3573 517 3637 agere.

311 3657 389 3743 Ireg.
413 3659 577 3744 aliquanto
600 3661 785 3724 insolentius
805 3680 909 3743 ogere.

763 3905 858 3968 XXI.

311 4127 384 4193 Non
417 4126 571 4197 assentior
592 4133 737 4197 Bentlcio
762 4131 842 4195 Hor.
867 4128 970 4216 Epist.
994 4129 1021 4193 I.
1047 4132 1077 4194 7.
1102 4131 1143 4192 29
1166 4149 1223 4214 pro
1246 4126 1340 4190 rol·

267 4277 288 4342 p
300 4277 318 4320 e
330 4279 346 4320 o
361 4279 380 4321 u
394 4259 437 4323 la
458 4260 579 4344 legenti
602 4284 622 4325 n
635 4263 645 4326 i
659 4259 733 4327 ted
746 4261 821 4324 ula
845 4258 929 4343 quod
952 4259 990 4322 L.
1016 4257 1132 4322 Mliller
1155 4254 1284 4342 recepit.
