3414 5042
905 629 945 688 111

434 827 524 892 Nihil
547 828 606 894 hoo
629 829 772 894 conservi
797 828 1029 894 exclamatione
1051 829 1216 914 turbatus,
1229 830 1335 895 Sosiae
1349 835 1459 894 narrat

389 976 423 1022 se
455 963 566 1042 postea
598 958 631 1021 in
659 957 780 1022 somnio
803 957 918 1022 vidisse
940 956 1122 1041 Theorum,
1146 979 1240 1044 quem
1263 958 1357 1024 ambo
1377 962 1458 1022 tam·

389 1105 484 1169 quem
525 1084 723 1151 adulatorem
762 1084 888 1150 Cleonis
927 1085 1093 1169 derident;
1128 1086 1265 1170 denique
1297 1083 1458 1150 Xanthias

388 1213 568 1298 argumenti
611 1211 818 1295 Comoedias,
860 1234 956 1298 quam
989 1219 1064 1278 sunt
1098 1213 1223 1296 acturi,
1264 1217 1457 1299 spectatores

388 1340 537 1405 certiores
559 1340 646 1404 lacit.
976 1311 979 1316 Ι

430 1466 517 1530 Olim
540 1467 779 1532 arbitrabantur
802 1467 837 1532 hi
860 1489 971 1532 uersus
995 1467 1076 1532 nihil
1100 1467 1187 1532 aliud
1210 1468 1372 1562 continere
1394 1466 1456 1532 nisi

387 1593 526 1658 facetum
561 1601 593 1660 et
627 1594 795 1659 ridiculum
824 1595 991 1660 introitum
1032 1616 1095 1681 quo
1118 1596 1210 1660 solito
1233 1600 1347 1681 poetae
1368 1613 1456 1660 more

386 1721 521 1786 avaritia
544 1722 759 1808 pecuniaeque
781 1721 905 1786 coriarii
928 1722 1084 1807 cupiditas
1096 1722 1374 1807 perstringeretur.
1388 1720 1455 1784 Alii

386 1855 497 1914 contra
530 1849 724 1914 contendunt
758 1847 1009 1934 Aristophanem
1043 1847 1216 1932 Cleonem,
1239 1848 1329 1932 cujus
1351 1849 1455 1933 gratia

385 1983 482 2062 atque
515 1977 688 2042 auotoritas
720 1976 754 2041 in
777 1976 907 2042 civitate
929 1996 1117 2040 evanescere
1140 1982 1331 2061 coeperant,
1355 1976 1454 2041 socios

385 2125 458 2170 suos
491 2110 588 2190 atque
621 2105 738 2168 amicos
769 2102 1019 2189 ponderantem,
1054 2101 1195 2166 finxisse.
1207 2102 1239 2184 *)
1262 2101 1294 2165 Ν
1296 2101 1453 2187 uperrime

384 2236 493 2296 autem
533 2231 784 2296 demonstratum
817 2235 865 2294 est
898 2229 1000 2293 multo
1034 2230 1214 2314 graviorem
1250 2229 1452 2314 significatio·

383 2378 457 2423 nem
479 2357 566 2423 hisce
585 2358 731 2423 versibus
753 2357 873 2439 inesse;
897 2355 981 2441 quod
1004 2356 1073 2442 ipse
1094 2361 1189 2441 poeta
1211 2356 1330 2421 indicat
1353 2377 1452 2442 quum

385 2481 508 2549 Sosiam
532 2485 572 2549 de
596 2505 653 2548 suc
675 2484 796 2548 somnio
821 2482 978 2548 dicentem
1000 2483 1096 2548 facit:

858 2608 934 2672 ἀλλ’
958 2607 1041 2671 ἐστὶν
1065 2608 1155 2687 μέγα

472 2739 540 2816 περὶ
563 2743 619 2817 τῆς
641 2739 760 2809 πόλεως
783 2739 843 2814 γάρ
866 2736 932 2799 ἐστι
953 2741 1006 2800 τοῦ
1030 2741 1172 2818 σκάφους
1195 2732 1276 2802 ὅλου.

384 2863 513 2929 Primus
546 2864 631 2951 quod
664 2864 762 2928 sciam
795 2863 912 2928 Miiller
934 2901 976 2912 —
1002 2864 1158 2950 Striibing
1179 2865 1214 2930 in
1236 2864 1319 2930 libro
1342 2865 1452 2930 multis

382 2991 563 3057 nominibus
596 2989 755 3057 laudando
792 2990 1044 3077 ,Aristophanes
1082 2992 1149 3056 und
1183 2992 1234 3057 die
1263 2991 1451 3057 historische

382 3119 515 3185 Kritik”
538 3125 647 3184 nostro
670 3119 738 3183 loco
761 3119 870 3182 lumen
893 3119 1039 3184 adhibuit
1058 3119 1220 3205 ingeniose
1232 3119 1450 3184 demonstrans

383 3248 441 3312 hos
465 3268 576 3311 versus
599 3246 818 3310 infestissimos
832 3227 910 3311 'esse
933 3248 1064 3312 consilio
1084 3268 1148 3334 quo
1168 3249 1203 3312 in
1225 3269 1292 3334 rep.
1317 3246 1450 3312 admini-

382 3374 513 3439 stranda
542 3375 666 3440 nullum
697 3373 808 3438 Oleoni
837 3373 898 3439 luit
921 3375 1045 3440 carius:
1070 3375 1184 3440 tributi
1206 3374 1312 3440 bellici
1333 3376 1450 3462 populo

382 3501 573 3568 Atheniensi
595 3500 782 3589 imperandi.
807 3539 850 3550 --

425 3630 532 3703 Quum
566 3629 705 3694 Pericles
727 3629 812 3693 inter
835 3627 1050 3694 Athenienses
1070 3629 1105 3693 in
1128 3628 1256 3714 fastigio
1281 3634 1350 3694 erat
1376 3649 1449 3693 auc-

380 3759 537 3840 toritatis,
562 3758 648 3844 pacis
671 3756 867 3842 temporibus
890 3756 1110 3843 quadringena
1134 3757 1256 3822 talenta
1278 3755 1318 3820 ad
1340 3775 1448 3821 omnes

380 3885 459 3972 reip.
490 3891 636 3970 sumptus
660 3884 804 3950 sufficere
827 3885 992 3967 solebant3
1016 3885 1072 3970 qui
1095 3905 1248 3949 numerus
1271 3883 1448 3969 augebatur

381 4033 481 4099 usque
515 4012 556 4077 ad
592 4014 675 4077 1000
707 4012 830 4076 talenta
863 4013 903 4077 iis
938 4012 1051 4095 annis,
1086 4012 1202 4099 quibus
1235 4011 1449 4077 Athenienses

401 4184 574 4194 ——--

411 4299 439 4366 θ)
457 4299 562 4351 Richter
580 4301 606 4352 ln
624 4315 670 4353 sua
686 4301 824 4366 Vesperum
840 4299 947 4353 editione
964 4317 989 4368 p.
1006 4303 1061 4353 183.
