3414 5042
611 1701 855 1818 CAPUT
901 1703 1020 1817 111.

709 2003 931 2014 ——-—-——-

544 2221 588 2267 DE
612 2219 771 2268 FABULAE
795 2219 914 2266 uxluu.
938 2218 1080 2265 vualis.

326 2426 447 2493 Notum
481 2434 529 2493 est
560 2429 742 2515 Vesparum
772 2425 976 2492 Comoediam
998 2432 1144 2492 constare
1163 2447 1204 2490 ex
1228 2424 1352 2490 duabus

284 2556 444 2641 partibus,
480 2578 615 2642 quarum
647 2558 748 2621 altera
770 2575 843 2620 eum
865 2555 969 2640 prima
990 2556 1092 2620 multo
1115 2554 1276 2619 festiviore
1297 2573 1353 2639 pa·

283 2705 355 2748 rum
376 2684 554 2750 cohaereat.
567 2685 599 2768 ²⁸¹)

328 2809 400 2875 Etsi
432 2813 537 2896 euim,
568 2811 691 2876 Labete
720 2810 882 2894 absoluto,
912 2809 953 2874 ad
984 2830 1057 2875 eum
1080 2810 1176 2874 finem
1201 2808 1355 2896 perducta

285 2945 334 3004 est
367 2941 469 3023 actio,
504 2945 540 3004 ut
570 2940 652 3004 nihil
681 2939 817 3024 amplius
845 2938 932 3003 dicas
965 2937 1153 3021 desiderari,
1177 2937 1354 3022 complures

285 3071 391 3131 tamen
421 3066 660 3153 subjunguntur
692 3087 823 3149 scenae,
848 3088 868 3130 a
892 3065 1081 3131 Comoedias
1098 3071 1287 3150 argumento
1309 3065 1355 3128 ita

286 3194 427 3279 alienae,
451 3201 487 3260 ut
511 3195 669 3281 prioribus
692 3216 821 3282 prorsus
834 3193 1112 3280 neglectis,faoile
1124 3193 1354 3278 intelligantur.

318 3483 408 3534 Rosius
424 3483 478 3549 ojus
495 3484 613 3536 seruisse
629 3487 764 3536 sententiae
780 3484 909 3551 probavit,
928 3500 987 3536 suae
1004 3485 1144 3550 Vespnrum
1160 3485 1294 3536 imitationi
1305 3484 1356 3550 „les

286 3589 431 3640 Pluideurs”
449 3590 522 3641 tinem
538 3591 683 3656 imponendo
699 3594 756 3656 post
769 3590 894 3658 judicium
911 3592 1025 3641 caninum
1041 3594 1176 3656 peractum.

319 3696 432 3748 (istorum
448 3712 478 3748 ox
502 3700 569 3748 omni
585 3698 635 3748 iere
651 3701 734 3764 parto,
752 3713 790 3748 nuo
803 3697 904 3765 judice,
921 3699 992 3762 potita
1009 3697 1117 3763 gallicus
1134 3696 1218 3747 defluit
1233 3695 1264 3748 ud
1280 3711 1357 3746 exem·

287 3801 349 3866 plur,
366 3802 432 3868 quod
450 3803 500 3854 sibi
516 3813 684 3869 proposuerat.
702 3806 776 3856 Recte
792 3804 822 3855 de
839 3805 987 3854 imitationis
1005 3805 1151 3870 argumento
1163 3803 1193 3853 E.
1204 3802 1356 3854 Dssohauel:

289 3907 397 3972 „Etudes
414 3924 459 3960 sur
474 3910 654 3976 Aristophuue”
671 3928 687 3977 p
706 3914 763 3962 176.
782 3911 862 3975 ‚cest
875 3914 938 3962 cette
954 3912 1103 3977 sigoureuse
1120 3910 1197 3960 satira
1210 3907 1298 3960 sociale
1309 3907 1357 3974 (les

287 4014 394 4082 Gutpos)
416 4031 466 4080 que
491 4016 582 4067 Ratun
599 4033 613 4068 a
629 4017 727 4068 renuite
743 4033 791 4068 aux
808 4019 963 4083 proportione
981 4015 1054 4068 d'uno
1066 3992 1129 4082 jolio
1146 4017 1221 4065 satire
1236 4012 1358 4065 littirairs

288 4119 347 4170 dans
372 4136 400 4171 sa
423 4120 530 4173 numidio
546 4121 588 4172 des
605 4122 748 4188 Plaideurs‚
763 4138 794 4178 ¹en
811 4123 1008 4174 substituentia
1022 4123 1101 4173 mania
1118 4120 1176 4173 d'uu
1192 4119 1247 4172 seul
1262 4120 1358 4170 honnus

287 4226 302 4275 t
326 4225 352 4277 lu
373 4228 453 4276 unsuie
469 4226 499 4277 de
514 4229 569 4278 tout
585 4221 737 4298 unipeann,
752 4241 784 4278 ou
800 4228 883 4294 pluat
900 4244 948 4280 uus
964 4230 1113 4280 cessatura
1129 4226 1159 4279 ds
1174 4227 1288 4278 tantaisia
1303 4226 1318 4277 t
1333 4225 1359 4276 la

287 4333 393 4400 critique
409 4333 483 4385 d'une
500 4335 642 4385 institution
659 4333 787 4400 publique.
