3414 5042
902 632 943 691 20

436 834 507 909 Quo
539 841 681 920 tempore
705 833 918 897 Athenienses
941 834 1161 918 concupiscere
1189 833 1329 898 Siciliam
1355 853 1464 918 coepe·

392 964 456 1026 rint
487 969 572 1026 certo
606 962 765 1047 designari
799 983 863 1025 non
886 963 1044 1047 potest.*)
1069 961 1264 1024 Plutarchus
1287 967 1396 1024 auctor
1416 967 1464 1024 est

393 1090 565 1172 Periclem,
599 1111 663 1174 qua
695 1095 763 1154 crat
799 1089 969 1174 prudentia
991 1095 1023 1152 et
1046 1090 1307 1174 perspicacitate,
1340 1110 1465 1173 semper

392 1217 493 1302 plebis
514 1217 661 1281 libidines
685 1217 868 1279 coercuisse.
883 1218 918 1298 †)
944 1215 1006 1288 Qui
1031 1223 1138 1279 autom
1151 1223 1221 1301 post
1242 1217 1310 1300 ejus
1330 1223 1464 1280 mortem
1486 1267 1488 1273 Α

391 1345 476 1428 plebi
500 1351 688 1429 praeerant,
712 1365 815 1428 neque
837 1344 946 1406 eximii
970 1344 1089 1428 ingenii
1112 1344 1172 1406 viri
1200 1364 1304 1427 neque
1327 1342 1465 1426 Gorgiae

392 1473 590 1556 eloquentiae
625 1493 733 1556 pares,
771 1471 890 1534 (liutius
924 1471 1108 1556 plebeculae
1136 1472 1294 1534 voluntati
1318 1471 1465 1534 resistere

392 1621 455 1663 non
490 1607 647 1684 poterant.
679 1600 769 1663 Missi
801 1607 875 1662 sunt
899 1599 997 1682 igitur
1020 1615 1055 1662 a*
1080 1601 1154 1662 427.
1180 1598 1304 1662 Laches
1326 1605 1358 1662 et
1384 1597 1466 1661 Cha·

392 1727 514 1792 roiades
560 1750 632 1791 cum
668 1731 709 1792 20
743 1727 924 1790 triremibus
959 1728 1079 1789 auxilio
1116 1727 1281 1790 Leontinis
1314 1726 1466 1790 adversus

393 1855 619 1940 Syracusanos.
653 1855 830 1919 Charoiade
860 1856 891 1917 in
914 1856 1032 1940 proclia
1056 1875 1205 1939 oppresso
1228 1855 1319 1917 initio
1341 1872 1376 1916 a‘¹
1403 1856 1466 1916 425

393 1981 597 2068 Pythodorus
634 1990 670 2047 ut
705 1984 845 2046 muneris
879 2003 941 2066 quo
976 1982 1099 2046 Laches
1134 1982 1328 2066 fungebatur
1360 1987 1467 2065 partes

392 2112 535 2196 expleret
559 2111 593 2172 in
618 2110 758 2174 Siciliam
783 2110 880 2174 venit,
895 2111 925 2192 ξ)
951 2109 1064 2173 Paullo
1088 2117 1176 2194 post,
1200 2109 1341 2172 adventu
1364 2108 1467 2192 Eury·

394 2238 551 2302 medentis
575 2243 606 2300 et
632 2237 796 2322 Sophoclis
820 2242 1021 2322 praetorum,
1044 2237 1152 2299 classis
1166 2235 1413 2298 Atheniensium
1425 2238 1467 2298 40

392 2367 527 2430 navibus
550 2371 645 2429 aucta
674 2366 795 2446 est.**)
820 2365 882 2428 Vel
903 2365 947 2427 sic
969 2369 1095 2445 tamen,
1120 2364 1308 2448 praesertim
1333 2363 1468 2426 Hermo·

394 2501 481 2557 crate
525 2492 725 2576 Syracusano
766 2491 939 2573 suadente,
977 2493 1119 2554 omnium
1156 2491 1334 2554 Siculorum
1370 2490 1468 2554 Gelae

393 2620 517 2684 foedere
552 2621 651 2712 facto,
682 2618 928 2683 Atheniensium
961 2618 1056 2682 duces
1089 2639 1222 2682 numero
1254 2620 1386 2682 navium
1410 2617 1468 2680 dif-

394 2747 527 2811 fidentes
549 2769 583 2811 re
606 2748 724 2811 infecta
745 2747 873 2811 domum
901 2753 1117 2811 revertuntur.
1142 2747 1222 2809 Irati
1236 2745 1468 2826 Athenienses,

390 2875 511 2959 judicio
543 2875 707 2957 instituto,
741 2875 962 2960 Pythodorum
996 2881 1028 2938 et
1053 2874 1241 2958 Sophoclem
1263 2875 1296 2936 in
1320 2873 1469 2937 exsilium

393 3004 539 3087 ejiciunt3
571 3002 776 3088 Eurymedon
805 3005 940 3087 pecunia
972 3003 1127 3065 multatus
1162 3007 1210 3064 est
1245 3007 1281 3064 ut
1313 3000 1470 3065 aSleulis

393 3137 570 3216 corruptus.
584 3133 650 3213 ††)

427 3318 787 3376 ffiffifflmffidssm
1083 3319 1329 3381 ffiffimfflhb

427 3425 455 3489 †)
476 3425 565 3475 Pemcl
583 3428 614 3475 20
631 3425 685 3475 Ale
703 3428 742 3476 42
761 3427 952 3475 Thuc.I.144.
1067 3425 1112 3490 **)
1132 3425 1276 3474 Thne.IlL
1296 3425 1350 3472 lla

428 3531 475 3595 ††)
493 3533 601 3582 Etiamsi
620 3533 645 3582 in
664 3547 779 3596 praesens
796 3533 899 3581 consilia
919 3531 1109 3581 Atheniensium
1124 3531 1154 3580 ad
1164 3532 1263 3579 irritum
1273 3529 1371 3579 redacta
1380 3532 1472 3592 essent,

394 3651 546 3700 nequaquam
580 3653 647 3701 spem
673 3638 772 3686 Siciliae
792 3639 868 3686 annis
893 3636 1068 3702 expugnandae
1093 3637 1262 3701 deposuerant.
1291 3636 1382 3700 Magna
1407 3637 1472 3684 enim

395 3742 567 3793 moliebantur.
586 3744 672 3794 Sicilia
689 3747 773 3808 capta,
791 3744 966 3809 Carthaginem
984 3743 1050 3817 bello
1067 3743 1183 3808 subigere
1201 3745 1227 3792 iu
1244 3741 1470 3810 animohabebant,

394 3863 500 3912 quarum
517 3851 646 3914 regionum
663 3850 751 3913 opibus
769 3851 857 3915 adjuti,
875 3852 1001 3914 ingentem
1020 3850 1122 3898 classem
1140 3864 1278 3914 comparare
1295 3851 1421 3912 totamque
1429 3847 1473 3896 Pe·

396 3955 556 4019 loponuesum
574 3956 702 4022 obsidione
717 3958 815 4022 cingere
831 3958 938 4020 possent.
957 3955 1026 4012 Quae
1044 3957 1125 4005 omnia
1144 3954 1286 4004 Alcibiades
1296 3953 1474 4004 Lacedaemone

395 4062 519 4126 exposuit.
537 4061 576 4110 Ad
593 4063 652 4112 haec
670 4063 772 4114 consilia
788 4065 883 4126 spectat
900 4063 975 4127 Vesp.
993 4077 1030 4112 vs.
1049 4064 1113 4112 700:

448 4169 520 4226 ὅσης
540 4169 645 4218 πόλεων
663 4167 755 4235 ἄρχων
773 4167 904 4219 nisteron
923 4169 976 4218 ἀπὸ
995 4173 1044 4218 τοῦ
1068 4168 1179 4218 Πόντου
1199 4169 1280 4233 μέχρι
1297 4167 1436 4233 Σαρδοῦς.

432 4275 545 4325 Sardinia
569 4275 614 4324 illo
642 4278 748 4340 tempore
774 4275 821 4324 sub
848 4275 940 4324 ditione
966 4276 1018 4324 erat
1043 4271 1213 4339 Carthaginis,
1231 4289 1305 4338 qnam
1322 4271 1408 4322 urbem
1425 4271 1476 4322 nisi

398 4382 468 4446 prius
487 4383 609 4448 cepissent
644 4382 806 4432 Athenienses
824 4383 849 4431 in
868 4382 913 4430 illa
930 4381 1013 4431 insula
1029 4380 1070 4446 jus
1088 4380 1168 4431 dicere
1185 4395 1231 4430 non
1249 4381 1368 4444 poterant.
