3414 5042
791 659 831 718 49

271 864 422 928 aediliciis
454 864 590 948 publicis
630 862 788 927 struendis
813 862 965 945 festisque
991 859 1188 925 celebrandis
1210 879 1342 944 magnos

273 997 418 1076 sumptus
448 989 685 1076 impendebant.
716 988 852 1053 Reditus
876 969 1014 1054 civitatis
1034 987 1164 1052 tributis
1187 985 1343 1052 sociorum

273 1117 490 1182 annumeratis
513 1123 604 1181 erant
627 1117 715 1181 mille
737 1121 952 1181 trecentorum
976 1116 1188 1198 talentorum3
1212 1119 1342 1200 postea,

274 1244 334 1308 A⁰.
358 1247 419 1308 437
445 1244 574 1307 tributis
596 1245 707 1326 auctis,
731 1245 866 1309 duorum
889 1244 1013 1307 milium
1026 1244 1229 1307 talentorum.
1243 1241 1342 1308 Ratio

272 1373 371 1457 igitur
411 1373 509 1436 annui
543 1373 664 1458 accepti
702 1373 804 1436 multo
839 1393 1016 1458 expensum
1049 1369 1244 1453 excedebat,
1280 1390 1344 1455 quo

272 1501 392 1564 factum
416 1507 463 1564 est
486 1506 543 1582 ut,
567 1501 658 1564 Bello
680 1500 949 1586 Peloponnesiaco
971 1505 1104 1581 exorto,
1129 1497 1344 1562 Athenienses

273 1629 527 1692 circumfluerent
545 1628 691 1692 omnibus
714 1629 821 1714 copiis.
845 1628 895 1692 Re
917 1649 981 1693 non
1003 1628 1049 1692 ita
1072 1627 1207 1692 feliciter
1229 1631 1343 1711 gesta,

273 1754 478 1839 diuturnique
501 1755 575 1819 belli
594 1755 773 1840 sumptibus
785 1756 924 1822 civitatis
935 1756 1101 1820 exhaustis
1113 1754 1226 1841 opibus
1240 1804 1248 1837 ,
1260 1775 1345 1819 nova

272 1882 314 1946 ad
347 1884 486 1969 inopiam
520 1883 681 1969 publicam
711 1884 940 1949 sublevandam
975 1883 1189 1949 Athenienses
1213 1882 1345 1948 consilia

273 2015 435 2095 oeperunt,
456 2030 555 2094 quum
579 2010 671 2075 modo
693 2031 735 2075 ex
746 2011 869 2076 aerario
880 2012 914 2075 in
926 2011 1060 2094 alicujus
1072 2010 1123 2075 dei
1135 2010 1253 2076 deaeve
1265 2015 1346 2075 tem-

274 2138 347 2223 plo,
370 2139 557 2223 praesertim
579 2144 687 2202 autem
711 2137 896 2222 Minervae,
919 2139 1087 2224 pecuniam
1110 2143 1345 2219 mutuarentur,

274 2265 366 2330 modo
402 2267 486 2330 cives
517 2273 549 2330 et
580 2265 735 2348 metoeci,
766 2266 850 2330 ultro
873 2267 1008 2351 pecunia
1030 2266 1182 2349 collecta,
1207 2265 1345 2329 afflictae

274 2394 397 2478 patriae
417 2394 567 2479 opitulari
589 2401 780 2458 conarentur
803 2391 986 2481 (ἐπιδόσεις).
1004 2393 1255 2477 Nonnumquam
1267 2390 1345 2456 civi·

274 2520 334 2584 bus
357 2521 548 2606 imperatum
571 2527 619 2585 est
645 2521 801 2586 tributum
823 2521 973 2587 bellicum
1001 2517 1156 2610 (εἰσφοραὶ)
1175 2520 1269 2605 quod,
1290 2520 1346 2606 qui

274 2649 308 2712 in
338 2654 403 2712 tres
432 2650 551 2734 primas
590 2650 705 2713 classes
739 2648 995 2732 recensebantur,
1031 2650 1153 2713 solvere
1176 2646 1345 2712 debebant.

275 2774 421 2839 Primum
451 2773 621 2857 ἧεῐσφαρυὶ
645 2784 908 2842 commemoratur
928 2777 1014 2864 apud
1036 2777 1138 2841 Thuc.
1162 2774 1218 2839 III
1247 2777 1305 2857 19,
1328 2794 1347 2839 e

275 2923 339 2986 quo
361 2902 429 2967 loco
451 2908 537 2968 recte
558 2903 685 2969 videtur
707 2902 839 2969 Boeckh
862 2905 1010 2990 colligere
1034 2899 1346 2979 illucescentem
1452 2904 1462 2918 ‘

274 3027 346 3093 τότε
381 3035 499 3108 πρῶτον
532 3027 665 3110 &coeptis
698 3053 762 3095 non
792 3032 894 3095 solum
922 3030 1123 3096 referendum
1156 3028 1197 3094 ad
1219 3029 1347 3094 Bellum

277 3156 345 3223 Pel.
378 3158 433 3223 sed
461 3159 522 3224 hoc
545 3180 613 3223 esse
635 3159 775 3244 primum
798 3160 982 3246 exemplum
1007 3158 1120 3223 tributi
1144 3157 1267 3224 civibus
1289 3156 1347 3220 im·

277 3286 392 3372 positi,
431 3307 472 3350 ex
507 3308 570 3372 quo
601 3307 767 3352 commune
789 3287 948 3352 aerarium
971 3286 1117 3351 Athenas
1140 3290 1223 3350 esset
1244 3290 1347 3349 trans·

275 3414 388 3478 latum.
402 3414 434 3498 *)
466 3415 528 3480 Illa
550 3416 654 3500 prima
675 3415 787 3499 utique
809 3410 938 3494 εἰσφορά
963 3414 998 3478 in
1020 3411 1112 3477 Bello
1136 3411 1204 3476 Pel.
1229 3412 1348 3498 populo

277 3542 426 3626 imposita
447 3549 495 3606 est
519 3549 555 3606 ut
577 3543 761 3628 ingentibus
786 3541 1009 3606 subveniretur
1032 3539 1212 3625 sumptibus
1225 3587 1233 3621 ,
1246 3537 1348 3602 desee-

277 3670 364 3734 tione
386 3669 653 3754 Mytilenaeorum
676 3670 806 3734 effectis.
830 3668 909 3733 Veri
933 3668 1129 3732 simillimum
1153 3670 1201 3730 est
1221 3664 1348 3730 Cleonis

311 3900 339 3964 ι)
357 3899 455 3950 Baeolrh
469 3898 578 3950 Staatsh.
595 3898 609 3948 Ι
625 3900 681 3948 619.

311 4005 389 4056 Thau.
414 4005 464 4057 ΙΙΙ.
490 4007 521 4055 19
549 4003 755 4068 Προυδυόμενου
782 4001 813 4053 dd
842 4002 866 4052 οἱ
892 4001 1046 4068 Ἀθηναῖοι
1074 4002 1220 4069 χρημάτων
1246 4000 1272 4059 ἒς
1297 4003 1348 4067 τὴν

278 4111 435 4179 πολιορκίαν
469 4112 515 4160 καὶ
543 4109 625 4161 αὐτοὶ
651 4109 838 4174 ὶσευυγκόυτυς
862 4110 925 4160 τότε
951 4111 1058 4176 aphros
1083 4108 1197 4175 leucada
1223 4105 1350 4158 διακόσια

278 4219 402 4269 τάλαντα
434 4217 588 4278 deturpans
620 4217 666 4266 aul
702 4215 747 4266 aar
778 4215 843 4275 τούς
873 4215 1028 4281 ξυμμάχους
1060 4213 1259 4280 ἀργυρολόγους
1282 4213 1350 4272 ναῦς

281 4324 390 4376 cadosa
440 4325 532 4374 ani.

1244 4429 1265 4493 4
