3414 5042
879 645 921 707 60

361 856 397 914 ut
421 851 455 913 in
478 857 624 914 senatum
647 849 874 935 reciperentur,
898 870 963 934 qua
985 848 1143 964 dignitate
1164 851 1259 936 potiti
1273 901 1281 935 ,
1295 853 1435 916 multum

363 982 509 1062 poterant
543 999 643 1062 quum
666 977 700 1041 in
724 977 837 1041 ceteris
858 978 995 1062 negotiis
1019 977 1155 1062 publicis
1177 977 1339 1063 gerendis,
1364 986 1435 1043 tum

362 1105 502 1170 maxime
537 1106 570 1168 in
601 1105 697 1169 rebus
727 1104 918 1190 pecuniariis
941 1102 1209 1169 administrandis.
1233 1105 1435 1192 Demagogo·

362 1254 434 1296 rum
468 1253 595 1317 quoque
624 1237 693 1296 erat
724 1233 872 1296 instituta
905 1231 1127 1297 Democratiae
1148 1234 1286 1319 propitia
1308 1233 1435 1319 integra

294 1389 299 1398 ·
362 1381 509 1442 servare,
536 1380 709 1444 eorumque
730 1359 874 1424 inimicos
896 1360 929 1422 in
948 1359 1003 1443 jus
1027 1358 1203 1424 traducere.
1218 1359 1337 1424 Omnes
1349 1362 1434 1425 cives

362 1483 593 1569 Athenienses,
617 1487 672 1570 qui
695 1486 773 1571 reip.
796 1487 883 1570 leges
905 1487 1039 1551 violaret
1064 1507 1155 1551 reum
1179 1509 1274 1573 agere
1286 1493 1433 1573 poterat3

362 1613 388 1677 si
423 1613 494 1697 quis
528 1619 636 1678 autem
665 1612 706 1678 ad
735 1614 794 1678 hoc
818 1615 957 1679 officium
979 1614 1154 1698 gerendum
1175 1616 1280 1679 minus
1303 1616 1434 1681 idoneus

362 1741 448 1804 visus
482 1745 587 1818 esset,
618 1740 659 1804 ad
689 1743 923 1806 accusationem
946 1742 1187 1806 sustentandam
1209 1766 1229 1806 a
1252 1744 1374 1808 civibus
1399 1745 1432 1807 in

361 1869 489 1932 comitio
521 1871 550 1933 ei
581 1875 742 1948 συνήγορος
773 1870 895 1934 auxilio
918 1869 1105 1935 addebatur.
1130 1870 1169 1935 In
1192 1871 1288 1936 rebus
1309 1872 1432 1958 gravio·

363 1996 453 2060 ribus
477 1998 584 2082 plures
608 1998 763 2075 συνήγοροι
788 1998 933 2062 solebant
955 1997 1040 2083 eligi.
1053 1999 1085 2082 ²⁸)

404 2123 453 2188 Eo
485 2125 551 2188 fere
583 2125 665 2190 redit
696 2125 869 2212 disputatio
901 2147 1034 2210 eorum,
1059 2127 1114 2211 qui
1137 2131 1173 2190 ut
1195 2127 1240 2190 M.
1265 2127 1431 2212 Strubingi

361 2254 576 2338 conjecturam
588 2255 629 2320 ad
639 2255 779 2340 lapidem
788 2254 927 2340 Lydium
940 2254 1118 2338 exigerent,
1128 2275 1257 2340 operam
1266 2254 1430 2320 dederunt.

361 2381 468 2455 Quum
493 2404 567 2447 vero
597 2404 690 2448 nemo
712 2382 830 2464 adhuc,
853 2381 938 2466 quod
962 2401 1021 2466 ego
1045 2381 1173 2467 quidem
1197 2382 1315 2464 sciam,
1339 2382 1372 2444 in
1394 2401 1433 2445 ea

388 2611 416 2678 *)
433 2612 525 2663 Comici
549 2609 663 2661 omnibus
689 2608 778 2674 opibus
799 2611 872 2674 atque
889 2609 985 2659 viribus
1001 2611 1226 2674 psephismetornm
1242 2609 1323 2660 abusu
1342 2626 1432 2676 repug-

353 2721 480 2770 naverunt.
503 2717 583 2768 Arist.
607 2718 633 2766 in
658 2718 737 2781 prima
760 2713 888 2765 Comoedia
903 2716 929 2764 iu
945 2715 1034 2766 mulam
1052 2730 1103 2765 rem
1121 2730 1148 2766 ea
1164 2715 1232 2766 abire
1246 2717 1334 2781 jussit.
1351 2718 1423 2768 Dect.

358 2841 396 2890 ap.
422 2825 497 2874 Mein.
523 2826 546 2874 ἓ.
565 2826 636 2874 1039.
660 2823 690 2871 In
708 2821 830 2887 Equitum
847 2821 893 2870 fine
911 2820 1023 2884 Demus,
1038 2823 1083 2886 qni
1100 2821 1132 2872 ad
1149 2821 1274 2872 meliorem
1291 2822 1389 2888 frugem
1406 2838 1432 2873 se

358 2932 493 2993 convertit,
518 2931 630 2980 enuntiat
656 2930 682 2978 in
707 2930 833 2992 posterum
860 2943 886 2978 se
911 2941 993 2977 omncs
1007 2927 1111 2992 juvenes
1127 2929 1243 2978 renatum
1259 2927 1432 2994 ablegaturum

357 3052 410 3088 esse
427 3036 615 3097 παυσαμένους
631 3037 817 3099 ψηφισμάτων.

392 3144 503 3195 Nubium
520 3159 556 3193 vs.
576 3144 639 3192 1428
656 3139 818 3204 Phidippides
835 3138 934 3188 nullum
952 3140 1049 3189 omniuo
1066 3138 1199 3189 discrimen
1216 3140 1335 3189 interesse
1351 3143 1433 3190 censet

356 3253 422 3302 inter
438 3251 517 3316 gallos
533 3252 557 3299 ct
574 3249 752 3309 Athenienses,
771 3247 821 3296 nisi
838 3245 903 3310 quod
920 3246 961 3295 ilii
979 3248 1139 3310 ψηφίσματα
1157 3259 1205 3295 non
1220 3245 1390 3309 perscribant:

874 3355 962 3401 καίτοι
981 3371 1008 3401 τι
1028 3353 1199 3416 διαφίρουσιν

528 3465 600 3525 ἡμῶν
616 3461 729 3516 ἐκεῖνοι,
748 3460 820 3525 πλὴν
838 3459 880 3508 δίι
899 3460 1051 3526 ψηφίσμιιϋ
1070 3461 1100 3508 οὐ
1121 3460 1278 3526 reducum,-

357 3570 465 3636 Egregie
482 3569 634 3619 Athenarum
652 3566 705 3616 illis
716 3565 868 3630 temporibus
877 3568 971 3617 statum
982 3566 1100 3616 describit
1114 3565 1203 3631 Eurip.
1213 3565 1266 3615 Ion.
1273 3579 1310 3616 rs.
1320 3565 1368 3616 598
1377 3579 1430 3629 sqq.

525 3677 580 3724 ὅσοι
600 3673 630 3722 dd
649 3671 762 3739 χρηστοιΙ
781 3672 929 3733 scrisperat
948 3671 972 3722 τ’
994 3664 1063 3723 εἶναι
1083 3673 1158 3732 σοφοὶ

520 3784 607 3845 σιγῶσι
627 3779 686 3832 ιιόυ
705 3779 870 3830 occiduntur
889 3780 913 3837 u
930 3783 965 3831 τὸ
984 3782 1146 3845 πράγματα,

521 3888 615 3953 γέλωτ’
636 3890 664 3938 ἓν
684 3887 779 3946 αὐτοῖς
796 3889 902 3949 μωρίαν
920 3905 951 3936 ιο
970 3887 1089 3950 λήψομαι

522 3997 577 4061 οὐχ
596 3998 739 4060 ἡσυχάζων
755 3998 786 4046 ἐν
804 3993 884 4042 πόλει
901 3993 990 4052 ψόφοι*
1008 3993 1080 4057 ardep

521 4104 571 4152 τῶν
591 4089 655 4152 δίιῦ
676 4103 773 4164 λογίων
792 4119 821 4150 τε
840 4100 982 4166 χροιμίοιοο
1000 4119 1031 4150 τε
1050 4107 1086 4165 τῇ
1103 4098 1182 4149 ιιόλιο

521 4211 546 4267 ἒς
563 4211 664 4269 αξίιιιμιι
682 4210 749 4272 βὰς,
769 4207 850 4257 πλέον
868 4209 1050 4274 φρουρήσομαι

522 4321 656 4382 ψήφοισιν.
