3414 5042
758 675 795 735 21

284 875 412 941 Interea
435 876 700 959 Lacedaemonii,
726 883 762 940 ut
785 877 1011 941 detrimentum
1038 878 1314 963 Sphacteriaeex-

240 1009 400 1088 pugnatae
434 1010 673 1090 compensarent
707 1005 740 1066 in
776 1004 946 1068 Thraciam
981 1007 1144 1090 egregium
1180 1008 1313 1072 mittunt

239 1131 463 1215 imperatorem
485 1130 662 1194 Brasidam.
688 1130 788 1215 Cujus
812 1139 844 1194 ct
867 1131 984 1195 blanda
1008 1135 1149 1198 oratione
1172 1141 1203 1197 et
1227 1137 1260 1198 in
1280 1158 1314 1200 rc

240 1258 369 1321 militari
392 1259 507 1344 peritia
529 1258 649 1321 factum
672 1263 719 1321 est
743 1264 779 1321 ut
807 1258 895 1322 brevi
920 1261 1070 1344 temporis
1095 1261 1198 1345 spatio
1217 1263 1314 1326 inter·

236 1386 339 1468 jecto,
374 1386 475 1448 multa
506 1406 615 1448 earum
649 1385 814 1469 regionum
849 1387 981 1471 oppida,
1014 1394 1109 1452 antea
1139 1389 1172 1452 in
1195 1388 1314 1453 ditione

240 1510 502 1593 Atheniensium,
529 1512 747 1596 redigerentur
770 1513 828 1576 sub
852 1519 1041 1597 potestatem
1065 1515 1311 1580 Lacedaemoni-

240 1659 340 1702 orum.
371 1638 479 1702 Etiam
502 1619 707 1723 Amphipolis
729 1639 883 1703 Brasidae
907 1662 940 1703 se
964 1641 1115 1724 tradidit,
1141 1664 1237 1726 quam
1260 1665 1313 1706 ur·

240 1765 312 1830 bem
345 1767 429 1852 quod
456 1788 518 1830 non
550 1773 708 1830 servasset
732 1766 935 1852 Thucydides
960 1768 1048 1833 Olori
1073 1770 1175 1851 filius,
1200 1771 1254 1854 qui
1276 1772 1315 1833 iis

240 1895 316 1957 locis
349 1895 441 1957 classi
464 1892 711 1958 AthenIensium
735 1900 902 1978 praeerat,
926 1916 945 1957 a
968 1896 1174 1979 popularibus
1198 1898 1315 1960 missus

241 2029 289 2086 est
307 2025 341 2086 in
356 2024 514 2086 exsilium.
540 2022 639 2085 Hisce
659 2022 894 2084 calamitatibus
907 2024 1067 2107 perterriti
1083 2022 1315 2106 Athenienses,

240 2151 427 2234 pracsertim
439 2171 511 2213 cum
523 2149 633 2212 eodem
645 2149 710 2212 fere
722 2155 864 2234 tempore
876 2170 926 2212 res
939 2151 1021 2214 male
1033 2157 1124 2234 gesta
1133 2157 1215 2215 esset
1228 2151 1314 2236 apud

241 2277 386 2360 Delium,
413 2276 454 2340 ad
477 2297 588 2361 pacem
612 2297 707 2360 quam
730 2282 805 2340 ante
829 2282 1015 2361 spreverant
1038 2278 1191 2342 inclinare
1205 2300 1314 2364 coepe·

241 2411 326 2470 runt.
362 2405 459 2468 Initio
492 2405 623 2467 aestatis
658 2408 695 2466 a⁰
730 2405 793 2466 423
821 2403 872 2467 die
906 2405 962 2466 14ο
985 2405 1102 2467 mensis
1125 2405 1314 2490 Elaphebol.

241 2533 338 2617 igitur
360 2533 444 2596 inter
467 2531 732 2596 Lacedaemonios
755 2537 787 2595 et
811 2530 1026 2596 Athenienses
1047 2532 1086 2596 de
1098 2533 1212 2596 annuis
1224 2533 1315 2597 indu·

241 2660 293 2722 tiis
315 2661 471 2724 convenit.
481 2660 512 2742 *)
536 2659 643 2742 Hujus
666 2660 753 2744 pacis
765 2665 876 2723 auctor
889 2658 1028 2722 Athenis
1041 2659 1164 2724 Laches
1178 2661 1313 2724 exstitit.

284 2787 434 2852 Brasidas
468 2794 576 2850 autem
611 2785 846 2850 condicionibus
881 2787 967 2871 pacis
1004 2786 1157 2871 neglectis
1183 2787 1316 2850 retinuit

242 2913 394 2997 Scionen,
428 2914 511 3000 quod
544 2913 667 2978 duobus
703 2920 773 2999 post
806 2913 940 2977 foederis
977 2915 1173 2978 sanctionem
1205 2915 1316 2979 diebus

242 3045 326 3107 ultro
360 3064 393 3106 se
427 3044 455 3106 ei
479 3040 627 3124 tradidit,
651 3043 685 3104 in
714 3041 809 3105 fidem
837 3042 956 3126 recepit
980 3041 1135 3124 Menden,
1160 3041 1315 3126 impetum

242 3172 315 3235 fecit
345 3172 378 3234 in
401 3170 598 3234 Potidacam.
615 3170 651 3252 †)
675 3169 794 3253 Magna
817 3168 857 3232 ob
880 3168 963 3232 hanc
985 3168 1151 3253 perfidiam
1176 3167 1316 3231 Athenis

243 3305 312 3363 orta
341 3299 504 3362 iracundia
538 3297 613 3361 Cleo
636 3298 779 3361 omnium
802 3298 917 3382 plausu
940 3297 1014 3360 tulit
1037 3295 1078 3360 ad
1100 3297 1256 3381 populum
1278 3301 1316 3357 ut

244 3427 356 3492 Scione
386 3431 591 3507 everteretur,
626 3425 747 3490 incolae
771 3423 1016 3489 trucidarentur.
1047 3423 1109 3496 Qui
1132 3425 1165 3486 in
1189 3424 1316 3508 suspiti-

243 3575 336 3618 onem
365 3555 510 3617 renirent
538 3552 623 3638 quod
658 3571 730 3615 cum
753 3550 1012 3616 Lacedaemoniis
1035 3551 1183 3615 fecissent
1206 3571 1259 3614 eos
1283 3551 1316 3614 in

238 3683 293 3766 jus
327 3681 471 3746 vocabat.
506 3679 627 3744 Eodem
660 3681 726 3744 fere
758 3686 901 3765 tempore
932 3677 1106 3743 abeodem
1129 3677 1316 3762 Demagogo

245 3810 367 3874 Laches
391 3831 463 3874 reus
486 3809 589 3872 factus
613 3814 671 3871 est.

248 3961 468 3971 -—-——-·

276 4039 305 4103 ⁴)
323 4039 352 4088 cl.
371 4038 448 4088 Thnc.
465 4037 503 4087 1v
521 4039 575 4100 117,
595 4039 651 4088 118.

277 4143 308 4208 †)
327 4143 399 4194 Diod.
424 4144 472 4193 sic.
497 4143 557 4193 XII.
585 4145 616 4193 72
633 4140 787 4207 Ἀθηναῖοι
807 4140 837 4191 δὲ
857 4144 924 4206 πρὸς
941 4140 1182 4199 Λακεδαιμονίους
1200 4136 1320 4194 σπονδὰς

244 4253 382 4310 lucratore
405 4253 565 4314 A'rasrjonvrc
594 4251 663 4298 κατὰ
689 4248 794 4306 ταύτης
823 4252 871 4306 τὰς
889 4247 1032 4310 ὁμολογίης
1051 4243 1113 4295 ὥστ’
1135 4245 1210 4310 ἔχειν
1229 4242 1321 4292 ἕκατί·

246 4380 305 4424 ρονς
325 4346 360 4407 ὧν
381 4361 441 4408 nire
463 4357 548 4422 κί’(ιιοι
568 4360 794 4418 coadunatarum.
