3414 5042
763 661 804 720 25

245 871 350 929 cetera
373 863 528 928 Thraciae
549 862 666 948 oppida
688 885 760 927 cum
784 863 1043 929 Lacedaemoniis
1056 867 1197 930 iacerent
1210 868 1313 951 coegit

246 1014 354 1056 omues
388 993 443 1077 qui
478 991 631 1056 Brasidae
664 991 809 1076 partibus
844 993 995 1056 favissent
1026 992 1164 1057 Athenis
1188 1016 1315 1058 eausam

245 1119 358 1184 dicere.
382 1119 473 1193 Quod
496 1125 759 1183 commemoratur
780 1119 878 1204 Vesp.
905 1123 968 1183 288
993 1141 1061 1206 sqq.

293 1246 491 1329 „Advenit‚”
531 1248 578 1310 ita
619 1246 743 1310 Chorus
784 1245 1020 1312 Philocleonem
1054 1251 1238 1334 alloquitur,
1273 1271 1315 1314 ex

246 1372 384 1439 Thracia
405 1376 500 1440 homo
523 1374 611 1440 diues
639 1395 733 1460 quem
756 1374 907 1440 damnare
928 1382 1062 1462 oportet.

508 1505 562 1564 xxi
587 1501 649 1581 γὰρ
671 1501 744 1580 doira
768 1501 878 1582 ποιχὺς
905 1499 968 1577 ἥκει

508 1637 568 1693 τῶν
592 1629 756 1709 προδόντων
778 1630 859 1693 scial
884 1632 1006 1714 Θρρίκνρς

507 1751 538 1821 ὃν
558 1753 638 1831 ἔπους
663 1759 853 1839 ἐγχυτριεῖς.

290 1885 399 1970 Atque
433 1888 529 1950 etiem
558 1887 592 1950 in
625 1886 794 1950 Comoedia
817 1908 912 1972 quam
935 1909 1018 1951 anno
1042 1890 1186 1972 sequenti
1210 1887 1316 1952 docuit

245 2012 328 2077 hano
361 2014 487 2078 Cleonis
517 2014 632 2099 agendi
656 2015 811 2078 rationem
834 2014 1028 2099 indignatur.
1052 2015 1146 2079 Pacis
1169 2037 1216 2079 vs.
1242 2018 1317 2081 639.

245 2141 382 2205 Hermes
415 2147 555 2206 oratores
590 2143 714 2206 incusat
749 2142 834 2227 quod
866 2143 1019 2227 primores
1053 2145 1208 2207 sociorum
1239 2144 1318 2208 falso

245 2270 375 2334 crimine
398 2290 580 2355 oppressos,
604 2275 769 2354 tamquam
792 2291 903 2352 canes,
927 2271 1134 2354 divellunt*).

310 2403 371 2458 τῶν
394 2396 424 2460 δὲ
446 2394 627 2476 συμμάχων
650 2395 743 2461 ἔσειον
766 2395 836 2470 τοὺς
859 2399 979 2476 ποιχεῖς
1001 2401 1055 2459 eal
1082 2397 1265 2476 πλουσίους,

310 2524 413 2599 ιιίτίοις
436 2521 474 2587 ἂν
498 2523 732 2604 προστιθέντες,
758 2526 797 2599 ὡς
819 2530 924 2606 φρονεῖ
946 2525 989 2590 πίι
1012 2525 1147 2605 Boaulia

309 2655 355 2717 είσ
378 2649 416 2715 ἂν
439 2652 527 2728 ὑμεῖς
551 2662 655 2718 τουτον
679 2650 777 2732 ίίσπιρ
801 2653 905 2718 κυνίδι’
928 2651 1155 2732 ὲσπιιρσίττετε,
1236 2700 1240 2704 -

289 2781 454 2846 Postremo
479 2780 607 2865 adjicit:

838 2917 942 2972 σιιίιπιι
965 2908 991 2974 δ’
1015 2903 1049 2982 ἦν
1073 2909 1086 2973 ὁ
1111 2909 1185 2988 δρὸιν

373 3035 584 3116 βυρσοπώλης.

289 3164 428 3230 Threces
460 3166 558 3250 igitur
587 3167 694 3250 injus
716 3167 821 3230 uocati
845 3163 970 3230 Cleonis
993 3187 1089 3251 opere
1112 3164 1314 3230 damnantur.

409 3376 500 3438 τρίτον
518 3376 604 3424 αὑτὸν
621 3373 694 3438 ἔχειν
711 3373 812 3432 ἄλφιτα
832 3374 878 3424 δοῖ
897 3375 942 3423 καὶ
961 3375 1030 3432 Sila
1049 3373 1137 3432 στ’ίψον

411 3479 423 3530 ἐ’
441 3479 463 3535 ἓ.
483 3483 515 3530 οὐ
536 3481 566 3529 δὲ
585 3483 654 3530 eisd
673 3487 701 3541 μ’
721 3483 816 3538 aeltric.

277 3585 316 3634 Ex
334 3587 374 3636 his
392 3587 509 3638 conticere
527 3588 586 3637 lieet
600 3602 675 3652 quam
692 3588 818 3637 funestum
835 3585 1030 3636 Atheniensibus
1039 3585 1114 3636 suerit
1122 3585 1317 3652 bellum,quum

243 3706 307 3757 quse
332 3693 400 3756 pacis
424 3693 578 3757 temporibus
596 3694 706 3758 ipsorum
724 3695 779 3759 agri
795 3691 890 3742 aliunde
907 3693 990 3741 efferre
1006 3690 1130 3754 solebant,
1147 3707 1212 3742 aune
1229 3707 1318 3759 magne

244 3801 391 3848 constarent.

277 3905 306 3964 *l
333 3905 512 3970 Aristophanes
539 3907 658 3956 nimirum
682 3906 707 3956 id
733 3921 760 3954 eo
785 3907 860 3954 uertit
879 3907 907 3953 nt
922 3906 1011 3968 arguat
1028 3903 1139 3954 Cleonem
1157 3905 1198 3956 his
1212 3905 1318 3970 judiciis

245 4013 274 4060 ut
289 4027 340 4062 rem
358 4011 505 4062 familiarem
522 4015 640 4079 augeret,
656 4013 705 4062 reis
722 4013 850 4078 pecuniam
867 4011 1008 4060 extorsisse.
1026 4009 1120 4061 Revera
1136 4010 1317 4074 antemiureee

244 4118 333 4167 merito
348 4118 423 4168 talem
441 4119 559 4168 rationem
573 4119 640 4168 iniit.
650 4117 671 4166 Ε
680 4118 768 4168 mullis
777 4119 843 4167 enim
852 4113 1007 4182 Thucydidis
1016 4115 1077 4166 loeis
1087 4117 1317 4182 eolligssmiuorem

244 4223 413 4274 tantummodo
437 4226 556 4276 Thraciae
580 4226 672 4276 rivium
695 4227 789 4288 partem
806 4223 893 4287 oppida
912 4219 1109 4272 Lacedaemoniis
1126 4221 1271 4286 prodidisse.
1285 4223 1316 4273 ei.

245 4329 323 4380 reue.
341 4330 386 4379 lv,
403 4333 450 4394 ar,
471 4333 532 4392 ror,
552 4335 613 4392 no,
633 4333 694 4390 rra,
716 4333 776 4390 rar,
795 4333 849 4378 rsa.
