3414 5042
785 655 826 716 55

272 859 305 921 ni
350 858 427 922 haec
468 879 518 922 res
563 863 611 921 est
656 858 808 921 momenti
853 857 894 921 ad
939 864 1082 923 nostram
1127 863 1344 945 quaestionem

272 984 526 1069 dijudicandam,
561 1006 660 1070 quum
695 985 825 1048 minime
855 985 923 1049 veri
946 985 1048 1050 simile
1070 987 1219 1052 videatur
1242 988 1344 1054 Athe·

271 1113 396 1177 nienses
419 1134 482 1178 uno
505 1119 537 1177 et
560 1113 669 1177 eodem
692 1118 834 1198 tempore
853 1117 885 1175 et
906 1113 1061 1177 sociorum
1081 1115 1203 1179 tributa
1216 1119 1345 1182 auxisse

271 1248 303 1306 et
338 1242 397 1306 sibi
426 1242 503 1328 ipsis
525 1245 580 1321 τὴν
606 1237 752 1319 secono
776 1240 972 1325 imposuisse.
998 1241 1111 1326 Neque
1133 1247 1241 1307 tamen
1264 1245 1344 1308 illud

271 1370 390 1434 lactum
414 1368 458 1432 Μ.
485 1367 518 1432 S.
540 1369 622 1432 tanti
644 1368 740 1449 facit,
765 1373 800 1430 ut
824 1388 914 1430 suam
937 1369 1117 1454 opinionem
1140 1371 1280 1454 abjiciat.
1301 1411 1342 1420 —

315 1495 406 1571 Quod
428 1497 543 1561 attinet
567 1495 608 1560 ad
629 1497 735 1560 locum
758 1487 925 1581 Eupolidis
950 1495 1154 1580 Oomoedine,
1169 1504 1343 1585 antequam

270 1645 307 1689 eo
342 1629 532 1709 argumento
566 1624 688 1704 utaris,
724 1623 797 1686 sciri
832 1628 957 1708 oportet
981 1643 1044 1709 quo
1066 1645 1149 1690 anno
1172 1647 1210 1690 ea
1232 1626 1342 1691 fabula

270 1757 341 1816 acta
375 1753 426 1815 sit.
458 1751 605 1816 Meineke
640 1750 726 1814 Hist.
764 1749 844 1814 Orit.
880 1772 910 1836 p.
949 1753 1010 1814 145
1040 1752 1121 1816 nihil
1145 1754 1258 1817 statuit
1280 1754 1343 1818 nisi

270 1899 340 1943 eam
372 1901 441 1944 esse
474 1880 624 1964 scriptam
657 1884 733 1943 ante
768 1883 903 1942 mortem
934 1878 1082 1962 Cleonis3
1114 1880 1224 1965 Bergk
1248 1881 1341 1946 (lom-

270 2014 366 2071 msnt.
401 2010 461 2071 361
498 2013 605 2071 censet
638 2007 726 2070 nullo
760 2006 823 2070 alio
857 2013 999 2091 tempore
1029 2005 1220 2092 Eupolidem
1245 2009 1342 2074 talem

270 2133 462 2199 comoediam
484 2134 624 2220 potuisse
644 2133 842 2197 committere
860 2154 956 2218 quem
969 2134 1078 2198 statim
1090 2142 1161 2221 post
1174 2136 1341 2202 celeberri-

272 2283 355 2326 mam
388 2263 476 2326 illam
499 2262 532 2324 in
555 2261 776 2347 Sphacteriam
798 2261 1054 2347 expeditionem
1079 2263 1123 2327 M.
1149 2262 1181 2327 S.
1205 2263 1342 2350 denique

268 2390 431 2454 existimat
455 2387 495 2454 ed
517 2410 637 2453 annum
661 2391 724 2452 425
748 2409 818 2452 eam
841 2409 910 2452 esse
932 2388 1141 2454 referendam.

311 2518 384 2582 Non
414 2519 512 2603 igitur
541 2518 626 2581 inter
648 2538 700 2581 eos
722 2516 762 2580 de
784 2523 871 2580 certo
893 2537 977 2581 anno
999 2523 1145 2602 constet,
1168 2539 1272 2605 neque
1295 2521 1341 2604 is,

268 2667 319 2710 me
346 2647 474 2730 judice,
509 2667 527 2709 e
560 2646 746 2730 fragmentis
779 2644 870 2709 nobis
895 2647 1029 2709 servatis
1050 2647 1200 2710 extricari
1224 2653 1339 2734 potest.

267 2774 338 2839 Hoc
371 2795 471 2838 unum
501 2773 721 2838 tantummodo
743 2779 866 2838 certum
890 2778 993 2837 estet
1017 2775 1241 2859 exploratum,
1268 2797 1340 2862 spa·

267 2904 347 2967 tium
379 2923 442 2987 quo
463 2902 574 2966 fabula
595 2902 734 2987 potuerit
757 2901 863 2965 doceri
885 2901 1132 2987 circumseptum
1155 2923 1224 2966 esse
1246 2903 1339 2967 annis

267 3035 328 3094 427
353 3037 384 3095 et
408 3033 482 3094 422.
507 3028 721 3104 Quamobrem
747 3051 811 3093 non
833 3029 926 3094 video
949 3029 1026 3115 quid
1046 3031 1150 3096 obstet
1170 3032 1340 3116 quominus

267 3163 443 3224 statuamus
467 3156 657 3243 Eupolidem
680 3178 770 3221 suam
793 3157 987 3222 comoediam
1012 3156 1155 3223 docuisse
1180 3158 1239 3224 ΑΟ.
1261 3162 1336 3242 427,

265 3307 302 3351 eo
325 3291 466 3372 tempore
491 3307 553 3371 quo
577 3286 738 3371 primum,
761 3291 796 3349 ut
821 3307 918 3371 supra
942 3286 1082 3368 ostendi,
1104 3286 1230 3351 Olconis
1242 3309 1341 3374 opera

266 3414 282 3488 ἡ
307 3417 437 3494 εΐσφορά
459 3413 582 3478 civibus
606 3418 654 3478 est
677 3415 826 3500 imposita
848 3414 889 3478 ad
912 3419 1058 3504 sumptus
1078 3412 1290 3499 expeditionis
1304 3416 1337 3478 in

265 3542 474 3628 Mytilenaeos
501 3540 758 3627 compensandos.
783 3541 917 3606 Potitam
941 3541 1001 3606 hac
1023 3541 1133 3605 fabula
1155 3541 1335 3628 Demagogi

264 3671 429 3735 consilium
462 3669 607 3734 derisisse
640 3675 672 3734 et
705 3676 844 3735 aetatem
878 3692 897 3734 a
933 3669 1051 3734 Oleone
1082 3669 1336 3735 Atheniensibus

264 3805 409 3884 paratam
443 3819 499 3884 per
528 3798 662 3862 ironiam
693 3799 903 3885 appellavisse
924 3803 1054 3878 χρυσοῦν
1076 3795 1164 3873 γένος
1188 3797 1336 3863 arbitror.

307 3926 370 3991 Sed
392 3927 442 3990 iac
465 3925 523 3990 A0.
536 3927 600 3990 426
623 3925 882 4012 Demagogorum
906 3925 1011 3991 studio
1034 3946 1103 3991 esse
1126 3925 1277 3990 effectum
1301 3931 1337 3990 ut

264 4053 477 4118 Athenienses
512 4075 569 4139 per
602 4059 705 4118 totum
739 4055 868 4138 bellum,
892 4056 944 4120 vel
966 4056 1079 4120 saltem
1102 4075 1159 4140 per
1184 4060 1337 4140 quattuor

263 4183 424 4270 proximos
459 4203 577 4263 annos,
611 4182 768 4248 tributum
805 4183 942 4269 pendere
966 4187 1176 4268 cogerentur,
1201 4183 1336 4269 optima·

264 4319 374 4396 tesque
402 4331 527 4373 omnem
545 4311 613 4392 jam
637 4310 717 4374 imm
742 4317 774 4376 et
797 4312 1047 4396 indignationem
1071 4311 1273 4398 deposuisse,
1300 4319 1335 4375 ut
