3414 5042
772 667 811 727 75

258 871 340 936 hane
368 872 432 936 fore
474 894 542 936 esse
581 869 866 956 significationem:
915 868 1007 950 „Non
1048 868 1139 933 docet
1173 875 1206 933 te
1229 869 1326 932 etiam

257 1000 358 1084 magis
393 1000 566 1086 impellere.
602 998 713 1072 Qualis
735 998 834 1082 igitur
857 998 941 1078 eris,
965 1001 1021 1060 aut
1044 995 1202 1062 videberis
1226 997 1326 1060 omni·

259 1127 317 1190 bus
340 1149 428 1210 osso,
455 1129 482 1190 si
504 1127 545 1191 ad
569 1126 647 1191 haec
671 1147 743 1190 eum
767 1124 1015 1190 cohortaberis.'’

303 1254 455 1320 Similiter
479 1254 624 1318 Dindori.

305 1383 421 1470 Seeger
456 1383 594 1468 denique
626 1382 823 1447 Philocleoni
860 1381 944 1445 hunc
974 1402 1102 1445 versum
1137 1381 1271 1464 tribuit,
1292 1380 1325 1444 in

260 1512 409 1576 vertendo
432 1513 575 1596 sequitur
598 1510 740 1575 Brunck.

303 1639 391 1703 Inter
427 1660 556 1722 omues,
591 1640 625 1702 ni
660 1639 772 1719 fallor,
798 1636 891 1700 hodie
914 1643 1038 1700 constat
1061 1657 1108 1700 vs.
1133 1638 1196 1701 530
1222 1637 1327 1702 Charo

259 1789 327 1831 esse
359 1766 616 1852 abjudicandum.
652 1765 807 1830 Attamen
840 1764 917 1850 quid
941 1787 1058 1850 quaeso
1080 1765 1272 1850 significarat
1294 1766 1327 1829 in

261 1916 314 1960 ore
347 1894 597 1980 Ildelycleonis?
632 1894 747 1959 Nonne
771 1894 915 1978 ineptum
940 1899 987 1956 eet
1011 1899 1179 1977 postquam
1197 1893 1327 1976 juranis

258 2023 372 2106 jussit:
403 2023 503 2102 „ferat
527 2023 588 2086 huc
612 2022 763 2085 scrinium
785 2021 865 2085 mihi
888 2021 1003 2105 aliquis
1025 2021 1111 2085 ocius
1125 2021 1154 2103 ,'’
1177 2020 1218 2084 ad
1237 2041 1327 2085 senes

261 2151 309 2215 ira
332 2157 505 2214 commotos
529 2172 602 2214 eum
624 2151 732 2214 facere
755 2150 932 2214 dicentem:
960 2149 1034 2231 „sad
1057 2156 1092 2213 tu
1112 2150 1216 2235 qualia
1241 2149 1327 2213 vide·

258 2279 342 2344 beris
365 2301 454 2362 osse,
477 2280 503 2343 si
527 2281 572 2343 ita
597 2300 670 2343 eum
693 2279 844 2344 incitasl''

301 2407 352 2471 Ne
384 2408 495 2471 multa.
531 2406 584 2471 Ex
621 2405 846 2491 Aristophanis
877 2427 974 2470 manu
998 2428 1045 2470 vs.
1070 2409 1133 2471 530
1153 2428 1327 2492 numquam

258 2543 306 2600 est
328 2537 497 2622 profectus.
976 2627 979 2632 Ι

302 2663 471 2729 Manifesta
507 2663 644 2728 mediam
676 2663 773 2726 Chori
809 2662 1063 2726 adhortationem
1085 2661 1257 2749 Bdelycleo
1280 2664 1327 2726 in-

259 2793 436 2879 terrumpit.
475 2791 592 2855 Nescio
627 2791 698 2877 quis
732 2789 968 2854 Grammaticus
988 2789 1163 2854 arbitratus
1185 2798 1233 2855 est
1257 2798 1328 2878 post

259 2943 304 2986 rs.
340 2924 402 2986 528
438 2920 578 2986 Chorum
614 2919 709 2982 finem
733 2919 837 2982 lacere
861 2917 986 2982 dicendi
1009 2925 1041 2982 et
1064 2918 1168 2984 denuo
1190 2941 1236 2983 vs.
1264 2923 1324 2984 531

259 3071 348 3113 suam
382 3048 424 3112 ud
457 3046 596 3113 sodalem
633 3047 807 3111 orationem
837 3046 987 3132 incipero.
1015 3045 1107 3119 Quod
1129 3055 1262 3134 apparet
1286 3070 1327 3112 ex

259 3177 365 3260 hisce,
402 3197 484 3262 quae
521 3175 562 3240 ad
586 3197 632 3240 vs.
658 3178 721 3240 528
745 3182 877 3239 annotat
901 3174 1006 3239 Sahal.
1030 3180 1130 3249 ὃπωςε
1154 3175 1188 3240 τὸ
1213 3183 1328 3255 πλῆρες

258 3304 426 3381 τοῦλόγου
448 3305 574 3386 <parim
596 3304 697 3369 καινόν
721 3327 751 3367 τι
774 3303 898 3386 λέγων,
923 3303 978 3368 sed
990 3305 1200 3369 multootiam
1213 3305 1329 3368 clarius

259 3454 300 3498 ex
318 3435 357 3497 iis
376 3455 459 3518 quae
478 3435 587 3497 statim
603 3439 788 3518 sequuntur:
802 3427 882 3505 ὅπως
894 3431 1039 3516 dardan:
1053 3429 1164 3494 Aslrrcr
1176 3437 1326 3507 γεννκῖες,

259 3561 424 3640 ἐγκρατής.

302 3689 409 3763 Quum
432 3690 511 3755 haec
534 3691 580 3754 ita
598 3690 798 3774 intellegeret
821 3690 983 3753 molestias
1008 3688 1037 3753 ei
1058 3687 1206 3753 exhibuit
1230 3691 1328 3775 parti·

259 3818 377 3905 cipium
410 3817 510 3894 λέγων
546 3819 580 3881 iu
615 3839 661 3880 vs.
697 3821 770 3880 532.
806 3818 934 3880 Novum
968 3816 1038 3881 ideo
1068 3818 1107 3882 de
1130 3839 1187 3882 suo
1208 3817 1328 3883 addidit
1436 3883 1449 3904 ⁶

259 3969 385 4012 versum
407 3955 552 4011 nostrum
579 3947 682 4010 locum
705 3967 834 4033 prorsus
861 3946 1100 4010 dolormautam.

303 4075 518 4140 Luculentum
555 4074 639 4161 quod
673 4093 777 4138 meam
810 4074 1021 4159 suspicionem
1044 4073 1210 4138 confirmet
1232 4095 1327 4159 argu-

261 4210 404 4268 mentum
426 4203 567 4268 afferam.

306 4332 465 4396 l'ersuum
497 4335 580 4414 529,
607 4335 669 4396 530
694 4329 925 4414 Antistrophici
952 4337 1026 4394 sunt
1051 4333 1137 4413 634,
1167 4333 1240 4394 635.
