3414 5042
782 654 823 714 23

269 857 350 920 ritur
383 857 523 942 pabnam
555 855 615 919 sibi
644 876 712 920 esse
734 861 877 940 ereptam
901 877 997 940 seque
1019 857 1201 920 hominibus
1224 858 1341 942 ineptis

269 985 471 1049 succubuisse
500 985 576 1070 quia
598 1005 655 1048 sua
680 985 828 1068 inventa,
852 1005 1046 1070 quamquem
1069 986 1211 1050 novitate
1235 985 1340 1049 excel·

269 1113 368 1176 lentia
390 1134 453 1176 non
475 1118 560 1177 recte
581 1112 745 1176 intellecta
768 1117 890 1194 essent3
915 1113 1081 1196 profitetur
1103 1133 1137 1177 se
1157 1112 1284 1195 Cleoni‚
1307 1115 1341 1178 in

269 1240 396 1325 fastigio
431 1241 592 1324 potentiae
615 1241 738 1325 posite,
764 1246 909 1304 ventrem
934 1241 1126 1325 percussisse
1151 1261 1210 1304 nec
1233 1246 1341 1304 tamen

269 1368 406 1452 emplius
440 1367 535 1433 humi·
560 1369 682 1451 jacenti
714 1369 936 1450 insultavisse,
960 1370 1102 1432 aemulos
1125 1389 1201 1433 vero
1231 1367 1342 1433 eadem

269 1496 409 1578 ratione,
443 1517 506 1580 qua
539 1497 607 1581 ipse
641 1495 791 1560 Cleonem
825 1495 858 1558 in
894 1517 1021 1559 scenam
1055 1495 1271 1578 traduxisset,
1302 1496 1343 1562 ad

270 1625 451 1690 satietatem
473 1624 697 1711 Hyperbolum
720 1625 932 1710 spectantium
956 1625 1033 1688 risui
1060 1625 1221 1710 praebere.

312 1751 545 1838 Aristophanes
575 1753 674 1838 igitur·
696 1752 735 1816 de
760 1773 794 1818 se
815 1754 884 1837 ipso
910 1751 1072 1838 praedicat
1095 1753 1249 1816 sesemel
1274 1758 1343 1816 tan-

271 1880 434 1944 tummodo
456 1879 658 1944 Comoediam
681 1881 843 1966 scripsisse
864 1901 945 1965 quae
966 1885 1035 1944 tota
1058 1880 1098 1943 ad
1121 1880 1343 1964 Demagogum

271 2009 330 2072 sibi
364 2008 615 2072 inimicissimum
653 2007 857 2072 lacerandum
886 2009 1026 2089 valeret3
1057 2011 1169 2092 poetas
1193 2027 1269 2071 vero
1293 2027 1344 2071 ae·

271 2137 380 2222 quales
413 2136 598 2222 perstringit
632 2135 717 2221 quod
756 2133 930 2199 identidem
964 2139 1155 2218 argumente
1189 2133 1344 2219 Equitum

271 2265 386 2328 similia
426 2264 521 2327 simili
555 2262 648 2327 modo
681 2267 830 2327 tractent.
867 2261 958 2324 Nihil
992 2260 1079 2325 aliud
1112 2283 1184 2325 meo
1217 2261 1345 2346 quidem

272 2413 366 2457 sensu
400 2412 441 2456 ex
473 2392 523 2454 his
557 2390 702 2455 versibus
730 2390 807 2476 elici
837 2394 952 2474 potest.
976 2387 1090 2474 Neque
1112 2410 1187 2454 vero
1211 2395 1339 2475 po'e'tam

271 2526 440 2606 postquam
465 2519 599 2605 Equites
623 2518 849 2604 composuisset
880 2517 991 2582 Oleoni
1013 2519 1192 2604 pepercisse
1212 2525 1345 2604 apparet

271 2669 370 2733 quum
393 2667 435 2711 ex
457 2647 488 2710 N
491 2647 543 2711 ub.
567 2669 604 2713 vs
629 2649 692 2710 572
720 2667 779 2732 sqq
791 2646 823 2729 *)
846 2667 926 2731 quos
949 2647 1060 2730 utique
1080 2645 1345 2732 anteDemagogi

271 2783 407 2840 mortem
430 2759 666 2861 scripsit,.tum
689 2795 732 2838 ex
754 2757 863 2838 multis
887 2774 1068 2858 Vesperum
1087 2773 1164 2838 loeis
1177 2774 1346 2860 dequibus

271 2927 347 2968 mox
369 2903 547 2991 disputabo

315 3031 453 3116 Majores
473 3031 566 3097 nobis
588 3032 749 3096 molestias
773 3031 927 3096 exhibent
952 3029 1051 3116 Vesp.
1077 3052 1123 3096 vs.
1149 3029 1227 3104 6213

401 3159 462 3224 uo'
489 3160 514 3223 εἰ
539 3157 642 3222 Κλέων
664 3161 698 3235 γ’
721 3159 851 3238 ἔλαμψε
873 3164 929 3232 τῆς
952 3152 1054 3238 τύχης
1077 3155 1170 3239 χάριν

401 3281 494 3362 aton
516 3288 567 3352 τὸν
591 3287 686 3351 αὑτὸν
709 3283 804 3367 ἄνδρα
825 3285 1097 3364 μυττωτεύσομεν.

282 3419 518 3430 -————----

272 3493 308 3528 vs.
334 3480 383 3530 658
405 3481 489 3528 notare
512 3477 640 3527 Platonem
664 3477 805 3540 aemulum,
827 3478 872 3542 qui
889 3476 975 3540 paullo
991 3477 1047 3526 ants
1063 3475 1090 3525 in
1106 3475 1247 3541 ¹cognomini
1263 3471 1348 3524 fabula

272 3585 442 3651 Hyperbolum
458 3585 646 3650 perstrinxerat.

358 3691 385 3756 l)
404 3683 466 3742 clm
484 3695 532 3741 τὸν
547 3691 657 3741 Θεοῖσιν
674 3691 779 3756 ἐχθρὸν
797 3689 974 3755 βυρσοδέψην
993 3687 1169 3750 Παφλαγόνα

404 3797 476 3864 ἡνίχ’
498 3801 614 3864 ᾑρεῖσθε
633 3797 796 3862 στρατηγόν,
818 3799 867 3854 τὰς
884 3795 965 3861 ὄρρος
984 3797 1136 3858 συνήγομεν

405 3908 570 3966 adumetinus
588 3906 674 3955 δεινά.
691 3909 795 3970 βροντή
815 3904 946 3969 δ’ὶρράγη
965 3899 1158 3967 δι’ἀσνρανεῆς.

404 4015 420 4075 ’l
438 4013 537 4077 σελήνη
554 4011 705 4068 δέξίλεετσε
723 4013 772 4069 τὰς
790 4009 882 4066 toste.
903 4010 917 4060 ὃ
935 4008 1041 4075 δ’ήλνος

404 4123 455 4186 τήν
473 4117 622 4184 θρυαλλίδ’
644 4121 684 4177 εἷς
701 4117 802 4168 εἐεντόν
818 4117 925 4175 εὐθέος
943 4113 1109 4172 carecini-unc

404 4229 434 4276 οὐ
454 4234 550 4285 φανεῖν
567 4225 682 4285 {pucros
701 4225 774 4287 ὑμῖν,
798 4226 824 4276 εἶ
843 4226 1025 4291 στρατηγήσει
1044 4220 1142 4270 Kttm

412 4336 472 4383 aut·
492 4336 557 4392 ὅμως
576 4329 687 4384 εἵλεσθε
713 4336 817 4382 τοῦτον.
