3414 5042
850 651 888 710 ti

332 849 451 912 tionem
487 851 708 933 explicandam
743 853 920 936 suspicatur
954 852 1157 917 Comoediam
1183 853 1285 938 qualis
1308 851 1401 916 hodie

332 983 439 1040 exstat
462 977 503 1040 ob
527 999 585 1059 ea,
612 1001 693 1062 quoe
717 980 776 1042 A‘'.
801 983 865 1042 422
891 978 1028 1042 Athenis
1052 980 1145 1044 docta
1168 982 1225 1065 sit,
1249 979 1401 1045 nonnihil

335 1105 521 1189 discrepare.
555 1103 657 1169 Docet
687 1104 938 1192 Aristophanem
965 1113 1076 1192 postea
1105 1114 1247 1172 nostram
1279 1127 1401 1172 comoe-

332 1230 416 1295 diam
452 1234 690 1316 retractavisse,
726 1239 800 1296 ante
823 1233 965 1296 omnium
987 1211 1157 1299 sooimdam
1178 1234 1306 1298 fabulae
1328 1255 1399 1319 par·

332 1365 414 1440 tem3
438 1365 625 1444 nostrosque
656 1361 752 1424 libros
788 1361 884 1442 hujus
907 1359 1068 1434 διασκευῆς
1091 1363 1244 1426 nonnulla
1266 1360 1401 1444 vestigia

331 1485 491 1550 exhibere.

375 1613 444 1677 Etsi
481 1616 582 1699 primo
605 1614 704 1678 obutu
728 1615 806 1678 hoec
830 1615 1013 1698 conjectura
1036 1618 1173 1680 multum
1196 1616 1314 1699 habet,
1337 1635 1400 1700 quo

331 1763 364 1804 se
400 1742 616 1823 commendet,
649 1763 760 1806 vereor
795 1749 831 1806 ut
861 1745 938 1806 satis
961 1744 1061 1807 firmis
1083 1745 1206 1808 nitatur
1229 1765 1398 1828 argumen-

331 1869 382 1931 tis.
419 1869 518 1952 Cujus
553 1870 729 1933 sententiae
764 1871 797 1932 in
831 1870 1037 1954 sequentibus
1073 1873 1229 1936 rationem
1257 1870 1399 1938 reddam.

271 2035 273 2038 -
332 1993 481 2060 Lectores
496 1996 671 2079 judicanto.

373 2121 582 2188 Grammatioi
616 2124 747 2190 tradunt
771 2131 880 2211 poetas
909 2124 1046 2192 Graecos
1070 2126 1230 2191 interdum
1252 2125 1398 2208 fabulas,

331 2251 439 2334 paucis
481 2253 633 2335 mutatis,
674 2253 791 2316 iterum
824 2254 987 2336 docuisse,
1021 2254 1181 2339 hujusque
1216 2253 1260 2318 rei
1295 2254 1398 2318 multa

329 2379 466 2442 afferunt
496 2382 654 2466 exempla.
668 2382 699 2464 ³¹²)
722 2381 856 2444 Nullum
879 2381 1034 2446 habemus
1057 2381 1274 2446 testimonium
1293 2402 1311 2446 e
1334 2402 1397 2468 quo

330 2508 483 2572 conficere
518 2509 592 2572 licet
615 2507 865 2594 Aristophanem
889 2509 1014 2594 Vespos
1038 2511 1212 2573 correxisse
1235 2514 1271 2574 nt
1294 2508 1397 2574 denuo

328 2634 360 2697 in
399 2657 525 2700 scenam
560 2634 757 2722 produceret.
782 2636 1023 2701 Recurrendum
1045 2638 1144 2722 igitur
1167 2636 1207 2700 ad
1229 2636 1396 2722 parodias;

329 2763 355 2825 si
390 2765 474 2827 enim
499 2765 532 2827 in
558 2770 666 2827 nostra
688 2763 858 2828 Comoedia
880 2766 932 2829 vel
955 2787 1038 2829 unus
1062 2767 1240 2851 reperiatur
1263 2785 1396 2848 versus,

329 2911 391 2974 quo
432 2892 600 2956 manifesto
634 2898 729 2978 poeta
762 2893 874 2957 luserit
909 2894 1013 2958 locum
1047 2895 1185 2978 alicujus.
1215 2892 1397 2978 tragoediae

329 3024 399 3102 post
422 3040 542 3082 annum
566 3023 629 3083 422
653 3021 889 3084 actae'nullum
911 3022 1043 3086 dubium
1066 3022 1266 3105 relinquitur.

373 3145 483 3210 Talem
506 3147 717 3232 suspicionem
740 3148 871 3232 praebet
898 3148 997 3233 Vesp.
1021 3171 1078 3212 vs.
1106 3150 1198 3212 1160.

371 3272 541 3359 Bdelyoleo
575 3281 699 3360 patrem
725 3275 840 3358 jubet,
871 3282 907 3340 nt
942 3277 1077 3340 vetustis
1106 3275 1219 3339 calceis
1242 3274 1395 3360 abJeotis,

327 3400 445 3466 bareos
469 3399 642 3466 Laconicas
666 3401 788 3466 induat.
815 3402 875 3466 Oui
897 3400 1078 3467 Philocleo:

359 3667 388 3734 *l
407 3669 549 3734 Numquam
572 3673 656 3736 politae
682 3671 769 3723 Graeci
794 3671 903 3722 tabulam
928 3673 1020 3722 iterum
1036 3672 1062 3722 in
1080 3673 1200 3722 certamen
1216 3670 1398 3734 proposuerunt

325 3777 376 3826 nisi
395 3775 545 3826 emendatam
563 3779 587 3826 et.
606 3777 763 3842 perpolitam.
780 3777 885 3827 Boeclrh.
900 3777 929 3827 de
947 3778 1052 3827 Graecae
1068 3779 1133 3843 trag.
1151 3774 1308 3840 principibus
1325 3790 1349 3840 p.
1365 3777 1397 3825 23

327 3883 405 3946 „Nam
433 3887 460 3934 nt
477 3885 542 3934 nihil
560 3883 638 3934 dicam
656 3883 685 3933 de
701 3883 785 3934 stadio
801 3883 960 3946 emendandi,
977 3884 1082 3934 Graecae
1103 3897 1174 3933 aures
1191 3881 1287 3947 aliquid
1303 3896 1399 3946 semper

325 3988 474 4053 oppetebant
491 3990 547 4039 novi
564 3992 590 4039 et
606 3991 629 4038 si
645 3990 703 4054 quis
721 3988 800 4038 denno
816 3987 845 4038 da
863 3989 971 4052 praemio
984 3988 1100 4038 dimicare
1116 3987 1398 4053 publicevolebatnora

326 4096 411 4144 afferro
431 4093 549 4156 debebat,
564 4109 593 4143 ne
609 4109 648 4144 res
661 4092 774 4159 judicata
790 4095 882 4144 iterum
896 4093 1077 4160 judicaretur.”

359 4201 550 4251 Atheniensium
567 4201 626 4250 novi
641 4199 755 4251 studium
773 4201 901 4251 confirmat
917 4199 972 4250 net.
991 4199 1077 4264 Apost.
1096 4199 1183 4250 XVII.
1199 4202 1230 4251 21
1244 4197 1397 4264 Ἀθηναῖο)

327 4307 358 4355 dl
377 4311 477 4364 odoror
499 4309 536 4364 eir
557 4325 582 4356 or
594 4305 640 4354 dir
660 4305 751 4372 ἕτερον
771 4307 912 4372 planura·
926 4308 942 4372 ἢ
954 4307 1040 4369 lipara*
1052 4302 1399 4371 raddaaiasvamao'uooa.
