3414 5042
785 675 823 736 51

264 876 494 960 significatione
535 896 604 940 esse
639 875 792 940 usitatum
827 876 918 940 docet
952 876 1036 940 Dion
1070 876 1146 940 Hal.
1181 896 1212 961 p.
1250 875 1330 938 1791

264 999 416 1065 διιστοὶνσιι
440 999 510 1074 τοὺς
533 999 668 1074 nirata:
691 1000 754 1065 ciart
776 1006 835 1066 τῶν
859 1002 998 1082 εὐπόρων.

307 1129 397 1193 Duos
429 1128 518 1193 lubet
552 1129 656 1211 locos,
680 1150 759 1214 quos
781 1151 799 1194 e
822 1130 922 1216 Lysia
944 1129 1150 1218 exprompsi,
1173 1149 1335 1217 apponere

263 1277 282 1321 e
318 1257 433 1343 quibus
469 1257 605 1321 efficitur
639 1257 724 1342 quod
755 1257 796 1322 ad
833 1259 990 1360 tributum
1024 1257 1175 1323 bellicum
1218 1257 1335 1322 attinet

264 1385 417 1471 populum
438 1384 471 1448 in
496 1384 574 1446 duas
597 1389 703 1469 partes
717 1383 815 1449 dividi
827 1386 944 1468 solere,
956 1387 990 1449 iu
1003 1385 1118 1450 divites
1131 1390 1165 1449 et
1178 1402 1334 1470 pauperes

265 1511 399 1596 Legitur
422 1511 498 1596 Lys.
524 1509 639 1574 XXII.
665 1512 704 1575 13
729 1511 833 1575 Δεινὸν
857 1509 888 1576 δέ
911 1535 961 1590 μοι
985 1510 1069 1578 δοκεῖ
1090 1515 1176 1591 siras,
1200 1509 1236 1589 εἰ,
1260 1505 1334 1574 δ’τοιν

263 1640 320 1716 μὲν
344 1638 487 1719 εἰσφορὰν
511 1639 695 1715 εἰσενεγκεῖν
719 1637 783 1722 δέῃ,
805 1629 838 1710 ἣν
859 1639 975 1715 πάντες
995 1639 1137 1706 εἴσεσθαι
1156 1639 1334 1718 μέλλουσιν,

263 1767 317 1832 οὐκ
339 1765 506 1839 ἐθέλουσιν,
528 1763 616 1829 ἀλλὰ
640 1764 746 1830 τενίοιν
769 1766 1010 1848 προφασίζονται
1030 1791 1059 1834 κ.
1071 1792 1101 1834 τ.
1115 1781 1145 1833 ιι.
1157 1769 1178 1833 i.
1191 1789 1218 1834 e.
1230 1766 1336 1854 perhi-

265 1895 340 1976 bent
361 1917 393 1958 sc
412 1895 481 1978 ejus
500 1915 568 1958 esse
580 1895 688 1979 populi
701 1895 801 1980 partis
813 1896 868 1981 qui
880 1895 993 1961 tributi
1004 1895 1110 1961 bellici
1122 1896 1163 1960 sit
1174 1895 1335 1962 immunis.

308 2021 406 2109 Apud
439 2021 574 2118 eundem
603 2021 751 2088 XXVII.
778 2026 818 2088 10
841 2024 1021 2089 invenitur:
1045 2020 1121 2088 ὅσθ’
1146 2013 1172 2088 οἳ
1195 2017 1335 2102 πρότερον

266 2148 296 2212 ε’ν
331 2156 372 2231 τῇ
404 2148 500 2228 εἷρήνρ
534 2147 600 2212 οὐδὲ
634 2149 721 2231 σφοῖς
745 2148 858 2224 αὐτοὺς
879 2148 1022 2217 ἐδύνοιντσ
1045 2150 1169 2234 τρέφειν
1191 2153 1241 2215 νῦν
1263 2149 1335 2228 ὑμῖν

265 2276 412 2358 εἰσφορὰν
433 2275 605 2366 εἰσφέροντι
624 2280 678 2339 nal
695 2281 862 2357 χορηγοῦσι
881 2283 935 2343 aul
950 2279 1050 2354 οἶκίοις
1061 2277 1213 2357 μεγάλοις
1224 2277 1335 2343 οἰκοῦσι

268 2413 328 2470 oet.
360 2427 442 2491 quae
475 2404 574 2469 verba
597 2405 674 2469 satis
697 2405 916 2472 demonstrant
939 2407 1091 2472 divitibus
1114 2405 1336 2473 tantummodo

266 2534 423 2598 tributum
460 2533 610 2597 bellicum
644 2532 742 2597 fuisse
773 2534 984 2620 pendendum.
1007 2535 1180 2601 Praeterea
1200 2540 1334 2622 apparet

267 2660 468 2745 Demsgogos
501 2660 589 2722 nullo
623 2679 679 2723 suo
713 2659 853 2745 periculo
880 2665 937 2742 τὴν
962 2661 1109 2742 εἰσφοράν
1132 2682 1224 2749 posse
1244 2661 1335 2726 insti·

267 2792 377 2870 tuere,
408 2808 507 2872 quum
541 2786 782 2871 pauperioribus
814 2795 942 2874 porcat,
976 2791 1015 2854 iis
1044 2796 1152 2856 autem
1174 2790 1335 2856 molestias

267 2915 442 2998 exhibeat,
479 2916 534 3001 qui
566 2916 600 2978 in
633 2916 758 3000 magnis
793 2914 940 2982 habitant
962 2917 1115 3002 ,domibus
1138 2925 1171 2984 et
1193 2918 1335 3004 choragii

268 3064 382 3107 munus
406 3045 564 3129 suscipere
587 3042 712 3107 debent.
736 3081 777 3090 —

311 3171 384 3236 Non
426 3172 542 3236 attinet
584 3191 796 3235 comemorare
837 3177 958 3257 quanta
998 3173 1068 3237 luco
1110 3171 1335 3258 Aristophanis

268 3299 354 3363 locus
395 3299 440 3362 sic
475 3298 657 3362 intellectus
691 3297 875 3384 splendeat,
907 3299 1105 3384 multamque
1127 3299 1254 3364 laudem
1274 3298 1336 3363 viri

268 3427 367 3491 felicis
400 3427 520 3514 ingenii
550 3427 680 3490 invento
714 3426 837 3509 tribuo;
867 3424 923 3489 sed
945 3446 1009 3488 non
1031 3424 1123 3490 facile
1145 3423 1278 3490 inducar
1300 3430 1336 3490 ut

269 3554 415 3637 credam,
455 3575 538 3639 quae
578 3559 689 3639 postea
726 3553 765 3617 de
807 3551 928 3617 tributo
958 3551 1071 3616 bellico
1104 3551 1245 3638 exponit.
1282 3550 1337 3616 Ab

269 3687 457 3766 argumento
490 3681 586 3764 hujus
621 3681 800 3767 scriptionis
824 3678 910 3743 haud
933 3678 1072 3743 alianum
1095 3677 1175 3743 duco
1198 3677 1337 3745 breviter

270 3828 351 3893 quae
394 3807 681 3906 Mtillerq-Striibing
723 3806 902 3892 suspicatur
943 3804 1116 3888 exhibere,
1155 3811 1192 3869 ut
1225 3804 1338 3870 deinde

271 3935 479 4022 subjungam,
508 3956 589 4021 quae
611 3935 780 4021 quominus
808 3954 881 3997 eum
906 3951 1020 4018 sequar
1044 3932 1233 4019 impediunt.

315 4061 487 4126 Contendit
520 4063 626 4145 enim,
661 4067 697 4126 ut
731 4060 912 4146 sumptibus
947 4060 1030 4124 bello
1064 4061 1234 4126 contractis
1256 4079 1338 4146 resp.

270 4189 450 4273 sufficeret,
486 4187 613 4254 Cleonis
643 4189 768 4254 circiter
790 4186 895 4254 hieme
917 4188 993 4252 anni
1017 4189 1081 4252 425
1104 4187 1244 4252 valuisse
1265 4206 1338 4252 eon-

270 4315 376 4382 silium
410 4322 446 4380 ut
482 4338 538 4404 per
573 4321 725 4402 quattuor
754 4315 918 4402 proximos
953 4333 1053 4380 annos
1087 4311 1339 4380 Atheniensibus
