3414 5042
903 661 922 722 2

380 866 491 951 procul
514 863 609 928 dubio
632 867 745 950 potitae
766 885 785 926 a
807 865 853 927 rei
877 865 1011 926 veritate
1034 885 1209 948 numquam
1229 862 1450 943 discedebant,

379 991 435 1058 sed
465 994 564 1058 vitam
592 992 809 1077 quotidianam
839 993 943 1078 qualis
967 1014 1081 1056 revera
1103 998 1206 1074 esset,
1231 1014 1338 1078 presse
1361 1013 1451 1055 accu-

378 1127 512 1206 rateque
545 1122 775 1206 imitabantur3
798 1124 886 1187 nullo
909 1120 1001 1186 modo
1025 1121 1109 1186 enim
1132 1123 1165 1184 in
1189 1123 1306 1185 talibus
1330 1127 1451 1206 specta-

378 1255 462 1313 tores
497 1251 577 1314 falsa
615 1251 674 1314 sibi
710 1273 767 1336 pro
800 1251 883 1315 veris
916 1251 1048 1335 imponi
1067 1251 1152 1334 passi
1176 1255 1291 1314 essent.
1317 1249 1364 1314 Ut
1388 1270 1451 1312 uno

378 1383 452 1442 utar
486 1379 649 1463 exemplo:
682 1400 778 1443 causa
801 1380 935 1460 canina,
959 1379 1091 1463 quaein
1115 1378 1231 1463 Vespis
1254 1371 1450 1464 proponitur,

378 1512 499 1570 certam
534 1507 666 1592 praebet
698 1507 870 1592 imaginem
900 1507 946 1570 rei
977 1506 1175 1589 judiciariae.
1210 1505 1300 1579 Quae
1323 1506 1451 1591 quidem

377 1635 439 1699 nisi
473 1655 583 1698 veram
613 1635 806 1718 judiciorum
840 1636 975 1699 formam
1011 1635 1137 1698 imitata
1167 1640 1266 1716 esset,
1298 1640 1334 1697 ut
1357 1655 1452 1698 causa

377 1763 522 1848 legitima
557 1769 589 1827 et
626 1764 772 1827 omnibus
805 1764 900 1828 rebus
935 1764 1076 1849 perfecta
1110 1762 1272 1827 videretur
1303 1763 1372 1848 agi,
1397 1763 1451 1847 qui

377 1892 477 1955 risum
501 1891 627 1956 theatro
652 1892 825 1956 movisset?

422 2017 574 2082 Solebant
598 2018 717 2084 Poetae
741 2019 860 2084 Comici
885 2019 962 2104 quid
974 2018 1013 2083 de
1025 2019 1172 2082 omnibus
1184 2017 1225 2082 ad
1236 2039 1335 2104 remp.
1352 2018 1451 2082 admi·

379 2146 578 2210 nistrandam
601 2147 835 2232 pertinentibus
858 2146 952 2211 rebus
966 2147 1138 2229 sentirent,
1154 2147 1254 2210 libere
1265 2168 1302 2210 ac
1314 2147 1451 2230 ingenue

379 2274 568 2359 significare.
600 2275 714 2340 Notior
746 2298 796 2340 ras
820 2282 868 2340 est
893 2282 925 2340 et
947 2276 1102 2358 testatior,
1128 2297 1224 2360 quam
1248 2281 1284 2348 ut
1306 2274 1450 2359 pluribus

377 2404 483 2468 verbis
518 2405 708 2489 explicanda
742 2427 810 2468 esse
842 2405 1009 2488 videatur,
1033 2425 1075 2468 aa
1098 2425 1173 2466 vero
1197 2403 1230 2466 in
1250 2403 1299 2466 his
1318 2402 1450 2467 eandem

378 2554 475 2618 quam
499 2532 532 2595 in
556 2533 669 2596 ceteris
692 2532 865 2596 exhibeant
890 2532 984 2597 fidem
1007 2531 1097 2596 brevi
1120 2530 1311 2616 praecidam.

421 2660 558 2744 Antiqui
583 2680 647 2744 qua
670 2666 761 2724 erant
784 2661 962 2746 petulantia
980 2665 1012 2723 et
1036 2658 1211 2723 acerbitate
1233 2657 1450 2722 incredibilem

377 2789 409 2852 in
435 2785 565 2851 modum
588 2787 771 2850 inimicitias
793 2786 986 2851 exercebant
1009 2787 1043 2850 in
1068 2807 1121 2850 eos
1146 2808 1164 2849 a
1187 2784 1303 2870 quibus
1328 2785 1361 2847 in
1383 2806 1449 2870 rep.

378 2913 518 2999 gerenda
541 2915 780 2979 dissentiebant.
803 2914 895 2978 Nihil
913 2916 1108 2980 intentatum
1120 2912 1343 2997 relinquebant
1355 2963 1358 2979 .
1370 2913 1451 2976 nihil

377 3063 457 3113 non,
475 3043 744 3130 experiebantur,
780 3041 873 3106 modo
909 3041 1126 3107 adversarium
1160 3046 1379 3126 perverterent
1414 3061 1451 3103 ac

280 3208 281 3211 κ
377 3170 631 3256 perfringerent,
654 3192 730 3234 nam
754 3171 856 3234 virtus
878 3170 1056 3234 habebatur
1078 3168 1129 3232 aa
1153 3166 1210 3244 μὲν
1232 3165 1324 3248 φίλον
1344 3166 1450 3229 πάντα

377 3297 516 3375 τάγαθὰ
540 3305 635 3362 ποιεῖν
659 3299 711 3363 τὸν
737 3298 762 3362 δ’
787 3296 900 3378 ἐχθρὸν
923 3295 1030 3361 πάντα
1051 3295 1094 3360 τὰ
1113 3293 1209 3360 nand.

422 3425 530 3510 Hujus
565 3428 776 3513 implacabilis
811 3427 875 3492 odii
905 3429 1041 3512 vestigia
1070 3447 1228 3511 nusquam
1250 3425 1363 3489 melius
1385 3444 1451 3486 ccr-

378 3560 499 3626 nnntur
517 3577 619 3640 'quam
641 3557 674 3619 in
699 3555 869 3620 Comoedia
892 3555 1057 3640 Antiqua,
1082 3575 1163 3640 quae
1185 3553 1326 3617 omnium
1353 3550 1451 3614 Grac·

379 3702 487 3746 corum
524 3683 761 3748 consuetudinis
796 3705 924 3769 parum,
947 3703 1067 3746 memor
1096 3702 1137 3745 nc
1167 3679 1300 3746 mortuis
1323 3676 1452 3763 quidem

379 3812 529 3896 pepercit.
552 3811 604 3874 Sic
627 3809 860 3897 Aristophanes
884 3811 1124 3897 Hyperbolum,
1146 3829 1241 3892 quem
1263 3808 1297 3870 iu
1308 3805 1450 3870 Acharn.

374 3937 444 4022 jam
478 3943 566 4002 tenet
601 3946 782 4024 arreptum,
818 3945 888 4024 post
911 3946 1046 4003 mortem
1069 3937 1198 4002 Thesm.
1221 3957 1268 3998 vs.
1294 3935 1357 3997 840
1382 3951 1450 4015 sqq.

378 4063 485 4128 illudit
509 4065 604 4129 simul
626 4088 698 4130 cum
728 4073 831 4130 matre
852 4088 933 4152 quae
956 4068 1053 4130 talem
1077 4065 1178 4128 filium
1200 4060 1368 4148 pepererit.
1388 4057 1452 4121 Per

378 4193 496 4278 viginti
519 4197 618 4258 annos
641 4195 846 4260 acerbissima
870 4196 1012 4260 convicia
1036 4193 1176 4259 evomuit
1200 4191 1233 4254 in
1256 4189 1452 4254 Clisthenem

380 4321 560 4408 quendam,
598 4323 653 4408 qui
687 4345 728 4387 ex
754 4346 817 4387 uno
843 4322 1061 4409 Aristophane
1084 4328 1116 4386 et
1139 4319 1232 4384 unico
1254 4319 1322 4382 loeo
1347 4315 1451 4382 Schol.
