3414 5042
791 648 828 709 61

280 873 362 938 quoe
391 851 429 916 de
452 851 632 936 Vesperum
655 849 764 913 fabula
786 852 934 938 exposuit
956 857 1104 916 accurate
1130 852 1350 936 inquisiverit,

280 980 341 1044 nisi
372 1000 454 1064 quae
486 979 518 1042 in
541 977 755 1063 superioribus
778 980 1020 1044 commemoravi
1048 981 1209 1065 excipias,
1234 981 1267 1044 in
1289 980 1350 1044 hoc

281 1106 387 1171 libello
421 1105 462 1170 ad
493 1106 562 1189 ejus
592 1105 630 1169 de
660 1112 769 1169 nostra
799 1106 969 1171 Comoedia
991 1107 1155 1192 opiniones
1180 1107 1349 1192 diligenter

280 1234 415 1319 respexi.
440 1231 525 1306 Quid
547 1232 626 1296 mihi
649 1253 722 1297 cum
734 1253 771 1296 eo
783 1235 965 1298 conveniret
978 1234 1055 1319 quid
1068 1235 1278 1320 discreparem
1290 1285 1297 1318 ,
1310 1258 1351 1301 ne

281 1361 420 1427 taedium
450 1381 630 1442 moverem,
654 1360 815 1425 interdum
846 1361 986 1426 indicare
1018 1362 1235 1447 praetermisi,
1258 1363 1351 1428 facile

281 1493 388 1553 autem
425 1488 593 1574 perspiciet
622 1488 794 1553 benevolus
826 1490 942 1572 lector,
968 1491 994 1553 si
1019 1491 1297 1576 operaepretium
1321 1491 1350 1555 ei

281 1615 406 1680 ridetur
430 1637 502 1680 cum
526 1615 693 1702 Strubingi
716 1618 881 1682 sententiis
900 1639 986 1683 meas
1000 1639 1200 1704 comparare,
1213 1620 1351 1704 plerum-

283 1764 345 1829 que
366 1763 416 1808 me
435 1744 476 1808 ab
499 1764 536 1809 eo
560 1743 735 1809 dissentire.
761 1745 845 1810 Suae
864 1746 1020 1831 opinionis
1032 1767 1139 1810 amore
1153 1751 1307 1832 eaptusr.
1320 1745 1350 1809 d.

282 1872 383 1936 multa
417 1872 648 1936 inconsiderate
670 1873 832 1938 contendit
856 1875 908 1938 vel
930 1875 1081 1957 conjecit,
1105 1895 1187 1959 quae
1209 1895 1283 1938 eum
1304 1873 1351 1959 ip·

282 2019 351 2062 sum
372 2020 436 2064 non
458 2001 643 2065 fefellissent
668 2002 701 2065 ni
722 2007 911 2087 argumento
934 2003 1053 2066 servire
1077 2001 1238 2066 voluisset.

324 2124 500 2210 Attamen,
524 2148 621 2212 quam
643 2129 740 2192 semel
762 2129 917 2214 receperit
929 2129 1107 2211 rationem,
1127 2135 1217 2193 tanto
1228 2129 1351 2193 fervore

282 2257 434 2339 tantaque
463 2255 639 2321 eruditione
670 2256 828 2339 defendit,
852 2262 907 2340 ut,
923 2261 998 2321 ante
1020 2257 1138 2321 librum
1163 2278 1180 2320 e
1203 2256 1350 2320 manibus

282 2379 439 2468 deponere
460 2405 618 2468 nequeas,
642 2404 739 2468 quam
761 2389 865 2448 totum
888 2384 1070 2471 perlegeris.
1096 2382 1252 2448 Abundat
1263 2383 1349 2447 enim

281 2511 370 2574 novis
405 2511 678 2577 observationibus
709 2512 898 2595 verissimis,
922 2533 1059 2597 quarum
1081 2513 1204 2599 primae
1225 2511 1348 2597 Vespa·

280 2657 350 2702 rum
375 2659 487 2704 scenae
509 2639 680 2725 explicatio
702 2645 777 2705 ante
800 2645 921 2704 ceteras
944 2647 992 2704 est
1015 2638 1184 2704 laudanda.
1209 2676 1250 2686 -
