3414 5042
893 655 933 716 52

379 853 509 935 εἰσφοραὶ
540 861 623 920 esset
647 854 822 940 pendenda.
848 854 954 929 Quam
977 855 1018 920 ad
1039 857 1220 942 opinionem
1244 859 1450 944 comproban-

379 983 453 1048 dam
477 983 563 1049 hisce
587 984 688 1048 utitur
707 984 914 1068 argumentis.

424 1111 485 1197 aq.
521 1133 557 1176 vs
590 1114 654 1176 422
689 1109 766 1178 Oleo
786 1110 954 1174 minitatur
978 1132 1011 1176 se
1034 1132 1164 1197 operam
1186 1133 1255 1177 esse
1277 1113 1450 1196 daturum,

378 1247 415 1306 ut
448 1241 604 1306 isiciariue
634 1241 717 1306 inter
741 1238 855 1302 divites
881 1243 1048 1302 censeatur
1071 1239 1292 1324 tributumque
1313 1242 1451 1326 pendere

378 1375 520 1454 cogatur.

641 1493 756 1568 Δώσεος
781 1492 849 1571 ἐμοὶ
874 1493 973 1566 καλὴν
996 1492 1091 1572 δίκην,

622 1622 800 1698 ’ἰπούμενος
828 1629 901 1696 ταῖς
924 1622 1082 1703 ἐσφοραῖς.

641 1749 701 1826 ἐγὼ
725 1749 788 1829 γαρ
812 1748 842 1820 ἐς
865 1747 937 1824 τοὺς
960 1750 1122 1824 πλουσίους

637 1876 762 1942 σπεύσω
785 1881 906 1953 σ’ὅπως
930 1876 968 1942 ἂν
992 1879 1171 1960 ἐγγραφῇς·

420 2005 606 2070 Ridiculum
646 2012 729 2070 esset
767 2007 794 2070 si
829 2008 905 2072 Olea
939 2008 997 2072 hoc
1032 2008 1100 2072 loeo
1130 2005 1312 2071 adversario
1347 2005 1450 2072 minas

379 2133 575 2216 intentaret,
599 2153 681 2218 quae
703 2154 855 2219 peragere
877 2155 941 2198 non
964 2141 1092 2220 posset3
1115 2142 1193 2199 tunc
1217 2135 1369 2219 temporis
1392 2135 1450 2219 igi-

378 2267 430 2326 tur
465 2260 604 2326 Athenis
634 2259 688 2332 riv
722 2259 868 2341 εἷσφοροὲυ
899 2263 1039 2347 riguisse
1071 2284 1200 2350 necesse
1222 2268 1281 2326 est.
1306 2261 1399 2336 Quod
1417 2262 1450 2325 in

376 2395 446 2454 tota
469 2389 624 2474 Equitum
647 2390 757 2454 fabula
779 2395 886 2455 nostro
909 2388 1105 2453 solummodo
1128 2390 1196 2454 loco
1216 2388 1450 2474 Aristophanes

380 2515 537 2580 tributum
579 2515 729 2581 bellicum
774 2516 960 2601 perstringit
1002 2537 1106 2601 neque
1148 2516 1180 2579 id
1221 2515 1448 2595 vehementer,

376 2643 588 2729 suspicionem
623 2649 729 2708 movet
768 2643 885 2707 civium
909 2641 949 2706 ob
972 2642 1149 2706 inauditam
1174 2641 1351 2706 novitatem
1369 2643 1450 2706 iram

373 2770 444 2855 jam
467 2771 672 2836 deferbuisse.

419 2898 549 2964 Novum
589 2903 814 2982 argumentum
857 2894 990 2980 praebet
1032 2894 1249 2979 fragmentum
1279 2894 1450 2980 Eupolidis

379 3024 588 3106 Comoedias,
612 3045 694 3109 quae
716 3023 901 3087 inscribitur
922 3025 1053 3101 χρυσοῦν
1077 3019 1174 3096 γένος.

503 3147 633 3214 Ἔπειθ’
657 3149 670 3214 ὂ
694 3148 814 3228 κουρεὺς
839 3149 897 3220 τὰς
925 3148 1119 3229 μαχαιρίδας
1145 3145 1254 3226 λαβών

507 3275 565 3344 ὑπὸ
589 3283 644 3350 τῆς
668 3276 782 3357 ὑπήνας
806 3285 975 3356 κατακερεῖ
995 3278 1049 3351 σὴν
1073 3274 1229 3358 εἰσφοράν.
1244 3279 1276 3359 *)

417 3406 593 3492 Postquam
614 3408 664 3471 rir
685 3406 796 3471 doctus
818 3413 912 3472 acute
932 3406 1183 3489 demonstravit,
1201 3413 1364 3471 tonsorem
1378 3427 1449 3470 esse

376 3533 527 3600 Cleonem
550 3556 570 3599 a
593 3535 710 3621 populo
733 3534 891 3598 tributum
914 3536 1106 3620 exigentem,
1130 3535 1176 3598 ita
1200 3535 1306 3620 pergit
1318 3556 1350 3620 p.
1366 3536 1448 3598 165:

418 3662 467 3726 Eo
492 3667 601 3727 autem
624 3668 767 3748 tempore
790 3662 869 3725 mihi
893 3662 1067 3747 persuadeo
1091 3662 1241 3727 Cleonem
1253 3661 1451 3745 rogationem

376 3791 415 3856 de
438 3790 560 3855 tributo
582 3790 718 3873 bellico,
741 3789 780 3854 de
805 3811 868 3875 quo
892 3789 1024 3876 Eupolis
1046 3795 1083 3854 ut
1104 3789 1147 3853 'de
1170 3809 1204 3853 re
1216 3788 1335 3853 infecte
1346 3787 1450 3852 adhuc

375 3925 408 3984 ct
441 3919 549 3984 futuro
579 3919 721 4004 periculo
754 3919 896 4002 loquitur
919 3955 961 3966 --
984 3922 1154 3994 κατακεοεῖ
1173 3954 1215 3962 -
1239 3916 1355 3980 iterum
1379 3936 1451 4001 per-

376 4047 497 4112 tulisse.
523 4046 626 4131 quue
649 4067 712 4110 non
737 4046 784 4110 ita
807 4051 843 4110 ut
864 4045 1021 4114 tributum
1044 4043 1195 4108 bellicum
1214 4044 1312 4107 semel
1324 4048 1450 4107 tantum

384 4215 631 4236 ,μμ-

386 4359 389 4364 ·
408 4339 436 4404 ὅ)
455 4339 568 4389 licinelrc
586 4338 653 4389 nist.
672 4338 733 4388 ern.
750 4337 784 4387 11.
802 4339 859 4388 539.
