3414 5042
827 678 868 739 43

315 881 471 946 sententia
504 880 749 945 demonstrantis
779 880 818 946 de
851 880 1051 946 accusatione
1077 879 1182 965 potius
1205 899 1274 943 esse
1298 876 1381 962 cogi·

314 1008 456 1073 tandum.
469 1007 500 1090 *)

358 1135 493 1199 Etiamsi
515 1135 570 1220 qui
592 1135 740 1220 exposuit
763 1135 802 1200 de
826 1136 905 1200 Vita
927 1134 1153 1220 Aristophanis
1167 1155 1218 1219 ap.
1232 1131 1381 1197 Meineke

316 1262 366 1326 IV
398 1263 489 1327 docet
515 1269 563 1327 ter
587 1262 751 1328 Oomicum
773 1286 792 1328 a
816 1263 933 1328 Cicone
957 1283 1046 1327 reum
1069 1282 1138 1326 esse
1159 1262 1300 1342 tactum,
1323 1281 1382 1346 ego

316 1391 420 1474 potius
453 1389 702 1476 Aristophanem
735 1391 840 1475 ipsum
869 1390 981 1455 ducem
1012 1410 1147 1475 sequar,
1176 1388 1232 1474 qui
1264 1388 1298 1452 in
1331 1408 1382 1453 co·

315 1516 444 1582 moediis
466 1517 545 1582 duas
568 1516 786 1582 tantummodo
809 1519 1025 1584 accusationes
1037 1516 1097 1581 sibi
1109 1517 1283 1581 intentatas
1298 1535 1381 1580 com·

315 1651 478 1710 memorat.
511 1644 641 1708 Etenim
673 1665 737 1709 non
771 1645 908 1709 multum
932 1644 1006 1709 fidei
1028 1643 1233 1710 tribuendum
1255 1643 1382 1709 videtur

315 1771 409 1857 hujus
433 1773 531 1838 Vitae
556 1773 701 1858 scriptori
723 1771 851 1838 confuse
873 1773 936 1838 hac
958 1771 997 1838 de
1019 1794 1054 1838 re
1077 1772 1264 1854 disserenti,
1281 1793 1381 1857 quum

315 1907 479 1985 praeterea
501 1900 628 1964 difficile
651 1901 691 1964 sit
714 1899 855 1966 indicare
877 1919 940 1986 quo
964 1901 1212 1987 temporetertia
1224 1900 1382 1964 11100000-

316 2027 395 2091 satio
417 2026 558 2092 accidere
579 1996 731 2112 potuerit.

358 2152 524 2236 Primum,
555 2153 821 2240 quemadmodum
844 2155 1152 2237 demonstravimus,
1176 2155 1381 2240 Demagogus

317 2281 566 2369 Aristophanem
599 2284 632 2347 in
660 2283 716 2368 jus
748 2283 875 2349 vocavit
904 2289 975 2369 post
1008 2282 1203 2369 Babylonios
1235 2282 1381 2364 doctam,

315 2407 431 2473 iterum
455 2415 526 2495 post
546 2409 797 2475 commissionem
808 2409 1145 2496 Equitum;quoniam
1157 2414 1264 2474 autem
1278 2408 1383 2474 Sahal.

316 2534 356 2599 ad
389 2536 472 2602 Ach.
508 2539 589 2620 378,
613 2544 782 2624 postquam
802 2537 841 2602 de
864 2538 967 2623 prima
988 2538 1190 2603 accusatione
1212 2536 1382 2623 exposuit,

317 2663 425 2747 adjicit
446 2665 499 2726 nai
519 2661 620 2739 ξενίας
641 2663 672 2728 δὲ
691 2663 781 2730 αὐτὸν
802 2666 961 2744 ἐγράψατο
981 2668 1035 2728 καὶ
1055 2664 1220 2742 εἰςᾶγῶνα
1235 2661 1382 2740 ἐνέβαλεν

317 2789 357 2856 ad
379 2791 462 2856 hanc
484 2792 573 2856 litem
595 2793 682 2858 locus
705 2798 813 2857 noster
836 2793 1012 2858 necessario
1036 2792 1184 2878 pertinet.

361 2918 487 2984 Acerbe
521 2916 754 3006 Aristophanes
776 2921 920 3007 queritur
942 2921 1060 2986 multos
1082 2920 1221 2986 adfuisse
1241 2939 1341 3005 quum
1364 2939 1383 2982 a

317 3045 433 3111 Oleone
465 3053 659 3131 vexaretur,
695 3069 832 3133 quorum
865 3049 985 3114 nemini
1018 3049 1051 3113 in
1085 3055 1226 3114 mentem
1260 3049 1382 3113 venerit

315 3175 471 3239 auxilium
493 3176 576 3240 male
598 3177 737 3241 mulcato
758 3177 857 3260 serre,
880 3198 987 3242 omnes
1007 3182 1117 3242 contra
1140 3176 1232 3242 avide
1250 3195 1383 3260 exspec-

315 3302 427 3367 tabant
453 3323 530 3365 num
548 3302 636 3386 jocos
656 3309 688 3367 et
711 3305 792 3369 sales
814 3303 960 3368 funderet
983 3303 1099 3389 quihus
1122 3324 1165 3367 ex
1190 3307 1281 3367 tanta
1303 3300 1385 3365 diffi-

315 3429 434 3494 cultate
463 3450 496 3494 se
530 3406 706 3516 expediret.
731 3430 845 3516 Neque
869 3431 895 3495 si
916 3430 994 3495 fides
1018 3430 1214 3494 Scholiastae
1236 3428 1384 3493 habenda

315 3563 382 3639 est,
416 3562 609 3642 spectatores
643 3579 715 3644 spes
744 3559 856 3623 fefellit
885 3580 985 3644 quum
1006 3558 1047 3624 ad
1069 3579 1103 3622 se
1124 3557 1229 3643 ipsum
1251 3556 1385 3622 referret

316 3684 538 3749 sententiolam
561 3706 658 3770 quam
681 3685 823 3771 graviter
845 3684 930 3770 apud
952 3685 1129 3750 Homerum
1151 3683 1269 3749 emittit
1292 3681 1383 3746 Tele-

316 3809 468 3876 machus:

368 3903 373 3913 ι
398 3938 499 4019 μήτηρ
520 3938 577 4017 μέν
599 3941 629 4003 τ’
654 3938 709 4017 ἐμὲ
732 3945 809 4022 φησι
833 3947 885 4004 τοῦ
908 3937 1051 4019 Kerassai,
1075 3937 1177 4020 aristeo
1202 3935 1302 4016 1γογο

347 4231 375 4296 θ)
393 4232 477 4298 Bergk
493 4249 531 4298 ap.
548 4233 623 4284 Mein.
639 4234 667 4284 11
683 4249 707 4298 p.
723 4233 781 4284 937.
798 4231 942 4282 Fritmohs:
952 4229 1097 4295 dsInjuriis
1108 4227 1386 4294 Artstophsniacleona

316 4337 451 4387 1110111111.
471 4339 595 4389 Hermann
614 4338 747 4404 Progyrrn.
765 4336 818 4384 1.ss
844 4337 870 4384 in
887 4335 997 4385 diuersas
1014 4335 1149 4384 sententies
1167 4331 1266 4384 absunt.
