3414 5042
788 647 806 706 5

307 848 357 914 Ne
380 871 530 934 magnam
553 849 671 914 talibus
694 851 760 915 vim
783 850 979 933 tribuamus3
1000 851 1061 935 ipsi
1080 849 1201 916 Poetae
1214 850 1336 918 Comici

262 985 373 1042 mutuo
392 977 463 1043 odio
475 979 664 1064 flagrantes,
677 979 758 1042 alter
770 979 901 1043 alterius
915 979 1033 1043 famam
1047 985 1195 1065 proterve
1207 980 1335 1046 laedere

262 1106 406 1172 solebant
428 1106 461 1171 id
483 1127 584 1192 genus
607 1107 778 1190 conviciis,
802 1129 884 1192 quae
907 1108 992 1194 apud
1010 1107 1149 1173 Graecos
1164 1109 1335 1174 usitatissi-

262 1253 315 1298 ma
337 1241 428 1299 erant
450 1235 492 1299 ad
514 1235 656 1298 inimicos
679 1234 843 1300 vexandos
867 1242 899 1300 et
922 1237 1068 1301 urendos.

307 1363 497 1448 Saepissime
530 1364 563 1426 in
598 1362 686 1427 Com.
718 1362 829 1427 Attica
859 1363 1037 1449 Demagogi
1067 1365 1274 1450 exagitantur
1299 1374 1336 1430 ut

262 1493 423 1579 peregrini
457 1492 508 1555 vel
540 1512 583 1555 ax
616 1491 791 1576 peregrinis
827 1492 898 1555 orti.
934 1491 986 1556 Sic
1011 1491 1218 1578 Hyperbolus
1241 1495 1335 1559 modo

262 1620 394 1706 Phryx,
426 1620 518 1685 modo
541 1617 651 1706 Lydus
670 1621 860 1704 appellatur,
880 1626 912 1684 et
936 1619 1099 1704 Olecphon
1123 1621 1333 1708 Aristophani

260 1754 309 1814 est
329 1747 424 1813 homo

526 1877 578 1955 ἐφ’
601 1867 634 1938 οὗ
657 1873 691 1946 δὴ
711 1874 850 1954 χείλεσιν
872 1873 1070 1956 ἀμφιλάλοις

612 2003 704 2068 δεινὸν
727 2003 933 2082 ἐπιβρέμεται

617 2131 736 2218 Θρῃκία
758 2133 902 2214 χελιδών.

307 2265 429 2330 Eadem
465 2287 485 2329 a
507 2263 643 2328 Platone
668 2261 771 2327 eidem
791 2261 981 2348 cleophonti
1001 2263 1194 2347 objiciuntur
1215 2270 1247 2329 et
1270 2285 1337 2328 ma·

262 2399 311 2458 ter
345 2395 414 2477 ejus
448 2393 481 2456 in
514 2413 610 2457 scena
643 2393 750 2476 agitur
782 2389 977 2472 βαρβαριστί
1010 2393 1152 2477 loquens.
1167 2392 1199 2478 ²⁸¹)
1221 2391 1336 2479 Lysias

263 2529 370 2586 autem
393 2522 532 2586 affirmat
555 2526 587 2585 et
610 2521 775 2607 peculatus
799 2521 918 2586 crimen
943 2542 1006 2606 quo
1033 2521 1143 2586 comici
1168 2543 1242 2586 eum
1265 2543 1337 2608 per·

262 2651 461 2736 stringebant
492 2658 524 2714 st
556 2650 759 2736 peregrinam
784 2651 939 2734 originem
962 2650 1041 2714 iaisc
1066 2649 1257 2736 Cieophonti
1280 2671 1336 2718 ex·

261 2780 416 2868 probrari.
433 2781 469 2863 †)

307 2909 401 2974 Tales
425 2909 641 2974 accusationes
663 2928 813 2992 magnam
836 2912 961 2993 partem
984 2927 1129 2972 sermone
1153 2908 1212 2972 niti
1231 2908 1336 2973 minus

264 3039 349 3103 culto
374 3059 504 3119 eorum,
528 3037 644 3122 quibus
656 3036 781 3100 crimini
792 3035 919 3118 dantur,
933 3036 1012 3099 mihi
1024 3055 1210 3120 persuasum
1221 3035 1335 3103 habeo.

265 3165 368 3240 Quam
392 3164 434 3230 ad
456 3166 636 3252 opinionem
658 3163 746 3229 hisce
770 3163 946 3228 rationibus
970 3163 1124 3228 adductus
1148 3183 1228 3228 sum.

307 3293 425 3358 Exstat
448 3294 487 3358 do
510 3293 697 3380 Hyperbolc
721 3292 865 3357 Platonis
888 3313 967 3357 ocur.
992 3292 1224 3376 fragmentum:

438 3424 476 3484 ‘0
501 3420 561 3485 aaa
584 3419 647 3500 γὰρ
670 3414 863 3501 ἦττίκιζενῶ
889 3425 1003 3498 Μοῖραι
1025 3416 1121 3500 φίλαι

437 3551 530 3614 Ἀλλ’
553 3543 646 3613 ὁπότε
669 3547 726 3626 μὲν
748 3547 836 3629 χρείη
860 3544 1059 3633 „tamma”
1083 3544 1188 3624 styra

440 3673 594 3759 ’Ἔφασκε
621 3677 803 3758 „jaccant”
826 3675 918 3741 ὁπότε
941 3675 1066 3740 δἐἰπεῖν
1089 3673 1145 3740 δέοι

439 3806 617 3885 „onan”
644 3805 766 3884 ,,ὅλιον”
790 3804 908 3883 ἔλεγεν.

309 3935 479 4003 Manifesta
513 3937 563 4002 his
594 3936 740 4001 versibus
770 3934 882 4018 Plato,
904 3939 942 3998 ut
965 3933 1142 3998 sexcenties
1166 3931 1337 3996 barbaram

297 4231 325 4296 ¹)
343 4230 373 4280 de
389 4231 538 4296 Cleophonte
554 4231 585 4281 ct‘.
605 4229 716 4280 Mainake
734 4229 802 4280 Hist.
819 4230 831 4278 1
851 4231 895 4279 ¹71
915 4243 968 4293 sqq.

297 4339 326 4400 ψ)
346 4339 451 4402 Lysias:
468 4351 512 4401 pro
531 4336 601 4386 bonis
619 4337 697 4386 Arist.
