3414 5042
891 621 1016 680 uu·

508 823 591 899 'syo
612 821 674 902 wip
698 820 736 885 du
761 821 872 894 rasim
895 819 1114 896 ὑποδήσασθαί
1136 845 1211 885 ποτε

508 951 631 1031 ἐχθρῶν
656 949 731 1030 παρ’
753 950 863 1030 ἀνδρῶν
887 950 1021 1030 δυσμενῆΙ
1045 949 1260 1032 καττύματα;

421 1079 570 1144 Alterum
603 1101 729 1145 versum
762 1080 884 1164 tragico
919 1079 1057 1165 quodam
1093 1079 1197 1144 colore
1220 1079 1359 1142 tinctum
1380 1097 1448 1142 esse

378 1209 455 1273 sutis
488 1214 641 1296 apparet,
661 1193 762 1293 iisqire
785 1208 931 1272 lubenter
956 1208 1113 1272 caleulum
1136 1207 1272 1291 adjicio,
1296 1207 1351 1290 qui
1374 1227 1448 1270 eum

377 1337 608 1401 conformatum
652 1357 722 1400 osse
763 1334 873 1400 dieunt
915 1336 956 1400 ad
1001 1334 1163 1420 Euripidis
1202 1333 1448 1398 lleruelidarum

377 1484 423 1528 vs.
451 1466 544 1527 1000.

509 1593 628 1670 ἐχθροῖν
653 1588 776 1664 λέοντος
802 1589 936 1669 δυσμενῆ
960 1587 1191 1666 βλαστήματα.

423 1717 498 1784 Jarn
533 1726 726 1804 quaeratur,
766 1741 829 1804 quo
863 1741 946 1782 anno
975 1718 1139 1804 Euripidis
1169 1718 1333 1803 tragoedia
1356 1717 1449 1782 docta

380 1848 431 1912 sit.
465 1846 597 1912 Boeelrh
630 1847 775 1912 evincere
797 1847 911 1911 nititur
933 1847 1123 1911 Heraclidas
1146 1867 1215 1910 esso
1238 1845 1364 1911 doctam
1388 1846 1447 1910 Au.

379 1979 441 2038 417
466 1996 569 2059 noque
596 1976 712 2038 mirum
739 1975 876 2060 Stanger
900 1975 928 2039 ei
951 1975 1161 2059 adstipulari,
1184 1981 1220 2038 ut
1243 1975 1364 2060 egregii
1376 1974 1448 2037 Viri

380 2104 539 2166 sententia
563 2123 654 2166 suam
677 2103 776 2188 ipsius
800 2104 1015 2186 conjecturam
1040 2109 1179 2167 tueatur.
1194 2103 1225 2186 *)
1250 2101 1317 2166 Alii
1340 2109 1447 2166 autem

380 2230 584 2294 vehementer
623 2230 698 2294 huic
733 2231 873 2316 opinioni
896 2237 1111 2316 repugnantes
1137 2231 1331 2295 contendunt
1355 2231 1446 2294 Euri·

377 2355 483 2442 pidem
523 2357 606 2422 hano
642 2359 838 2443 tragoediam
871 2367 946 2423 unte
981 2359 1162 2445 Vesparum
1196 2361 1448 2422 commissionem

381 2481 524 2549 doouisse
538 2485 584 2566 †).
621 2484 660 2548 In
685 2491 776 2549 tanta
800 2486 859 2550 vir.
883 2485 979 2550 doott.
1004 2486 1217 2572 discrepantia
1239 2507 1303 2550 non
1329 2493 1447 2550 temere

376 2617 577 2695 statuamus,
611 2612 729 2696 injuria
766 2613 903 2697 Stanger
934 2613 976 2677 ad
1000 2635 1091 2678 suem
1114 2615 1328 2698 conjecturum
1351 2615 1447 2678 stabi·

374 2738 514 2803 liendam
537 2761 579 2804 ex
602 2740 730 2804 lleraol.
754 2763 800 2805 vs.
828 2744 910 2804 1000
934 2742 1093 2805 auxilium
1113 2743 1272 2828 petivisse.

423 2866 563 2931 Firmius
584 2867 741 2931 auxilium
764 2867 877 2933 afferre
900 2868 1027 2934 videtur
1051 2893 1108 2934 v.s.
1139 2874 1232 2936 1326.

419 2993 551 3058 Proruit
590 2995 624 3058 in
666 3017 793 3060 saeuam
833 2995 1017 3081 Philocleo,
1061 3021 1079 3064 e
1124 3002 1268 3064 convivio
1304 3021 1448 3085 egressus

376 3121 502 3186 taedam
524 3122 654 3186 vibrans
677 3123 763 3187 hisee
786 3123 911 3188 verbis:

674 3249 771 3330 ἄνεχε
795 3255 915 3330 πάρεχε

677 3377 853 3442 κλαύσεταί
875 3401 922 3450 τις
945 3385 1006 3440 τών
1031 3377 1158 3445 ἔντοσθεν
1411 3402 1437 3445 κ

680 3504 967 3571 ἐπακολουθούντων
990 3507 1066 3584 spol.

377 3630 431 3696 Ad
455 3654 501 3696 rs.
528 3635 611 3696 1326
636 3633 741 3698 Sehol.
768 3635 900 3701 adnotat
923 3636 936 3700 ὃ
960 3636 991 3702 δὲ
1016 3646 1080 3710 νοῦς
1102 3637 1187 3716 πυροὶ
1207 3643 1262 3718 τὴν
1281 3639 1447 3720 ε’νΤρῳάσν

379 3757 589 3838 Κασσάνδραν.

425 3885 495 3975 Quo
521 3893 663 3974 tempore
686 3891 718 3954 in
741 3898 902 3956 certamen
927 3894 968 3958 sit
992 3896 1156 3981 proposita
1168 3895 1330 3960 Troadum
1340 3895 1450 3960 fabula

410 4072 437 4138 *l
458 4073 556 4126 Boockh
575 4075 605 4125 de
621 4078 664 4129 Gr.
682 4081 746 4145 trag.
763 4082 868 4146 princip.
885 4098 911 4146 p.
928 4086 977 4133 190

411 4180 440 4244 †)
470 4179 580 4232 Roscher
608 4183 708 4241 Leben.
734 4186 811 4236 Werlr
836 4171 888 4238 und
906 4189 1022 4239 Zeitulter
1039 4189 1082 4240 des
1100 4190 1257 4257 Thucydides
1273 4207 1297 4256 p.
1315 4194 1365 4244 540
1383 4192 1450 4242 Zim-

379 4286 461 4338 dorser
477 4287 506 4338 de
527 4287 691 4356 chronologia
709 4291 757 4341 leb.
773 4293 963 4360 Euripidearnm
980 4311 1003 4360 p.
1015 4299 1053 4346 ⁶27.
1063 4295 1155 4362 Pflugk
1164 4312 1201 4363 ap.
1210 4296 1354 4364 Bernhardy
1362 4313 1385 4363 p.
1394 4300 1451 4348 484.
